1592 2724
184 172 273 217 144
529 152 1084 205 T1T1L1V11

174 263 295 321 titis,
328 262 490 311 Africae
514 280 620 311 cura
649 276 771 321 erat3
801 263 874 312 seu
905 265 1011 328 quia
1044 264 1106 311 ibi
1132 263 1341 311 summam
1374 271 1448 310 rei

175 351 276 382 rum
305 335 497 399 bellique
524 336 640 384 verti
669 338 934 389 cernebant;
964 337 1037 384 scu
1054 354 1103 384 ut
1130 335 1330 399 Scipioni
1349 353 1448 400 gra·

176 407 478 467 tificarentur,
500 409 547 455 in
568 425 702 472 quem
720 422 813 456 tum
838 409 986 456 omnis
1016 409 1141 457 versa
1162 408 1322 456 civitas
1341 418 1448 454 erat.

174 484 329 545 Itaque
352 499 446 529 non
465 498 521 529 ex
538 482 737 529 Sardinia
769 494 942 529 tantum
959 519 972 539 ,
1005 485 1026 543 <
1035 483 1145 529 ficut
1165 493 1266 528 ante
1284 481 1449 528 dictum

175 551 268 617 est)
297 553 370 600 secl
400 571 456 600 ex
481 554 630 600 Sicilia
657 570 840 617 quoque
862 556 912 603 &
931 554 1139 618 Hispania
1160 553 1449 608 vestimenta,

176 625 538 690 frumentumque
556 663 569 685 ,
600 629 649 674 δε
675 644 795 674 arma
813 628 942 674 etiam
962 645 1019 676 ex
1039 627 1187 674 Sicilia
1201 663 1215 684 ,
1242 628 1290 673 ὃς
1314 640 1452 671 omne

175 715 317 761 genus
342 711 620 745 commeatus
639 715 694 745 eo
725 699 1033 762 portabantur.
1060 700 1157 746 Nec
1178 697 1330 759 Scipio
1353 696 1450 742 ull-o

174 779 381 830 tempore
414 769 571 816 hiemis
598 768 704 815 belli
730 785 867 833 opera
898 769 1149 828 remiserat,
1182 785 1282 832 quae
1311 766 1451 813 multa

174 839 303 886 fimul
324 841 520 905 undique
547 858 651 888 eum
680 841 1040 889 circumstabant.
1068 842 1247 890 Uticam
1275 839 1453 886 obfide-

174 913 264 961 bat.
294 913 430 961 castra
460 915 507 961 in
529 913 769 976 conspeEtu
787 914 1071 961 Hasdrubalis
1089 924 1226 960 erant.
1258 912 1460 960 Cartha-‘

174 986 391 1050 ginienses
410 987 684 1034 deduxerant
703 1003 857 1034 naves.
886 987 1061 1034 classem
1079 998 1271 1049 paratam
1291 984 1463 1031 instru-

174 1060 375 1123 &amque
394 1060 449 1106 ad
466 1070 737 1107 commeatus
756 1058 1108 1121 intercipiendos
1124 1058 1362 1105 habebant.
1381 1060 1454 1103 In-

173 1144 242 1178 ter
262 1132 358 1179 haec
376 1149 431 1178 ne
449 1131 666 1196 Syphacis
690 1130 870 1194 quidem
889 1129 1212 1178 reconciliandi
1230 1147 1380 1178 curam
1397 1145 1454 1174 ex

173 1203 328 1250 animo
355 1202 556 1258 miserat3
596 1203 628 1249 fi
659 1202 777 1250 forte
795 1202 884 1264 jam
906 1203 1029 1251 satias
1048 1202 1211 1250 amoris
1237 1201 1284 1248 in
1307 1217 1454 1248 uxore

173 1292 233 1323 ex
261 1275 402 1322 multa
435 1275 568 1338 copia
599 1273 791 1336 cepisset.
823 1275 893 1319 Ab
927 1273 1135 1337 Syphace
1165 1273 1302 1337 magis
1330 1272 1452 1335 pacis

174 1365 279 1396 cum
329 1345 767 1410 Carthaginiensibus
809 1344 1126 1402 conditiones,
1164 1356 1215 1391 ut
1257 1343 1454 1390 Romani

176 1419 351 1475 Africa,
367 1418 499 1465 Poeni
518 1417 637 1465 Italia
656 1417 944 1475 excederent,
963 1434 1094 1480 quam
1109 1453 1123 1475 ,
1141 1416 1172 1463 fi
1193 1416 1455 1476 bellaretur,

176 1492 274 1554 spes
294 1493 386 1539 ulla
412 1491 682 1539 desciturum
712 1491 989 1539 afferebatur.
1021 1493 1131 1538 Haec
1158 1505 1237 1553 per
1270 1490 1456 1536 nuntios

177 1566 318 1629 magis
338 1565 546 1629 equidem
575 1567 668 1612 a6‘ta
699 1565 960 1613 crediderim
976 1601 990 1623 ,
1009 1564 1085 1629 (&
1111 1564 1172 1611 ita
1193 1579 1292 1627 pars
1313 1562 1456 1623 major

178 1641 384 1688 nudiores
417 1638 540 1704 sunt)
577 1656 710 1703 quam
741 1638 884 1702 ipsum
917 1639 1197 1702 Syphacem,
1226 1648 1275 1683 ut
1304 1636 1458 1684 Antias

178 1713 386 1760 Valerius
412 1712 594 1776 prodit,
618 1712 664 1759 in
691 1712 828 1760 castra
857 1712 1062 1758 Romana
1089 1711 1145 1758 ad
1173 1709 1457 1774 colloquium

178 1786 358 1834 venisse.
390 1787 541 1834 Primo
561 1803 632 1833 eas
653 1784 939 1833 conditiones
964 1784 1207 1847 imperator
1223 1784 1457 1830 Romanus

181 1859 263 1906 vix
285 1861 466 1906 auribus
487 1859 672 1907 admisit.
691 1858 868 1923 postea,
889 1870 938 1904 ut
958 1856 1082 1904 causa
1105 1854 1352 1919 probabilis
1371 1853 1458 1902 suis

180 1932 463 1978 commeandi
487 1931 605 1978 soret
631 1931 678 1979 in
701 1932 836 1978 castra
860 1929 1077 1987 hostium,
1096 1928 1278 1976 mollius
1305 1928 1458 1975 eadem

181 2003 255 2050 illa
278 2004 501 2061 abnuere,
520 2021 571 2051 ac
594 2003 713 2066 spem
731 2003 902 2060 facere,
924 2001 1081 2063 saepius
1100 2001 1222 2047 ultro
1253 2000 1460 2063 citroque

179 2074 447 2137 agitantibus
467 2093 561 2122 rem
582 2088 928 2123 conventuram.
950 2075 1251 2123 Hibernacula
1268 2076 1459 2122 Cartha-

180 2146 445 2210 giniensium
459 2183 473 2206 ,
494 2147 701 2209 congesta
719 2159 886 2193 temere
915 2165 971 2193 ex
995 2147 1107 2210 agris
1136 2146 1319 2194 materia
1338 2163 1458 2192 exae-

181 2218 358 2266 dificata
371 2255 386 2277 ,
407 2219 551 2283 lignea
568 2218 706 2266 ferme
726 2232 822 2266 tota
839 2231 978 2266 erant.
1006 2219 1214 2265 Numidae
1233 2217 1458 2280 praecipue

177 2292 400 2340 arundine
428 2292 586 2350 textis,
608 2291 838 2355 storeaque
861 2309 959 2355 pars
989 2292 1181 2339 maxima
1200 2291 1341 2348 te&iS‚
1358 2289 1458 2352 pas-

181 2367 263 2413 {im
281 2366 409 2413 nullo
427 2366 586 2412 ordine
600 2402 613 2425 ,
634 2367 813 2428 quidam
830 2400 843 2424 ‚
864 2379 912 2413 ut
940 2366 1029 2412 fine
1055 2365 1242 2428 imperio
1261 2379 1458 2425 occupa-

180 2440 240 2488 tis
259 2440 400 2501 locis,
422 2453 545 2489 extra
572 2440 728 2490 foss'am
748 2440 877 2488 etiam
906 2442 1162 2505 vallumque
1186 2438 1457 2486 habitabant.
