1592 2724
300 168 848 219 HisTomARUM
887 166 1014 214 ΜΒ.
1048 130 1228 213 xxix.
1317 176 1397 225 ης

128 295 229 328 cum
249 278 384 342 longe
405 279 624 326 maximus
653 275 857 324 omni-um
880 274 1017 320 aetatis
1043 273 1131 320 suae
1159 288 1311 336 regum
1331 269 1405 316 hic

128 353 262 400 fuerit
280 389 294 412 ‚
326 352 658 416 plurimumque
686 367 779 396 rem
797 349 1048 394 Romanam
1070 344 1263 406 juverit,
1292 360 1407 406 ope-

128 440 190 469 1·ae
209 423 401 485 pretium
427 421 606 468 videtur
634 417 850 465 excedere
876 414 1104 479 paululum
1123 414 1177 460 ad
1195 430 1407 460 enarran-

128 495 233 540 dum
251 530 265 552 ‚
286 511 415 557 quam
443 492 565 540 varia
595 489 778 536 fortuna
805 486 904 534 usus
927 487 977 532 fit
1000 486 1047 532 in
1068 485 1314 539 amittendo
1335 501 1408 530 re-

130 567 475 629 cuperandoque
512 576 700 625 paterno
734 576 888 623 regno.
924 558 1139 605 Militanti
1169 573 1255 620 pro
1290 557 1407 602 Car-

128 637 477 702 thaginienfibus
508 635 555 681 in
577 633 785 696 Hispania
813 643 939 694 pater
968 631 1010 677 ei
1034 630 1252 677 moritur:
1282 630 1409 677 Galae

130 727 299 758 nomen
335 723 441 758 erat.
474 712 678 773 Regnum
715 708 771 755 ad
803 707 983 754 fratrem
1015 705 1127 769 regis
1160 703 1410 765 (malem,

130 785 427 847 pergrandem
444 800 547 830 natu
561 820 573 842 ‚
603 783 731 847 (mos
750 781 810 828 ita
830 781 947 844 apud
965 778 1183 826 Numidas
1201 777 1291 837 est)
1312 795 1412 839 per-

132 856 274 903 venit.
308 857 423 903 haud
451 857 596 902 multo
623 854 751 918 post,
783 852 957 900 OEsalce
987 867 1171 914 quoque
1194 862 1379 896 mortuo
1396 884 1412 903 ‚

131 927 277 989 major
305 946 362 975 ex
391 929 569 976 duobus
597 926 696 974 filiis
730 926 826 988 ejus
853 923 1023 987 Capusa
1041 959 1054 980 ‚
1082 939 1224 984 puero
1251 922 1411 968 admo—-

131 1000 240 1047 dum
269 1001 411 1048 altero
426 1038 440 1059 ,
457 1013 693 1064 paternum
715 999 949 1062 imperium
973 995 1158 1058 accepit.
1198 996 1412 1041 Ceterum

131 1089 235 1120 cum
255 1073 390 1136 magis
409 1072 508 1134 jure
535 1072 701 1136 gentis,
733 1088 866 1134 quam
891 1069 1151 1117 auiioritate
1172 1068 1289 1114 inter
1309 1067 1412 1114 suos

133 1158 211 1192 aut
242 1146 442 1206 viribus,
477 1147 703 1194 obtineret
739 1161 959 1208 regnum3
996 1141 1161 1189 exstitit
1196 1141 1378 1204 quidam
1401 1175 1415 1198 ‚

133 1217 378 1264 Mezetulus
407 1217 618 1273 nomine,
653 1231 750 1262 non
773 1216 942 1262 alienus
974 1214 1182 1277 sanguine
1209 1213 1413 1276 regibus,
1447 1224 1455 1232 ‘

133 1287 311 1336 familiae
344 1289 513 1352 semper
533 1289 729 1337 inimicae
749 1325 762 1348 ‚
786 1307 838 1337 ac
864 1289 918 1336 de
952 1287 1142 1351 imperio
1171 1287 1297 1332 varia
1319 1285 1416 1331 for-

134 1373 243 1408 tuna
277 1379 379 1408 cum
410 1361 492 1418 iis,
524 1361 600 1425 qui
636 1375 731 1408 tum
767 1359 1062 1417 obtinebant,
1096 1358 1319 1406 certantis.
1354 1360 1418 1416 1⁵2,

134 1433 372 1481 concitatis
392 1433 683 1497 popularibus
701 1469 715 1491 ,
735 1433 852 1496 apud
879 1448 994 1495 quos
1010 1467 1025 1488 ,
1045 1429 1219 1478 invidia
1237 1447 1414 1494 regum,

135 1524 308 1570 magnae
333 1508 606 1555 auCtoritatis
633 1520 756 1565 erat,
786 1505 934 1554 castris
957 1505 1100 1567 palam
1128 1503 1309 1566 positis,
1340 1504 1418 1550 de-

136 1579 342 1627 scendere
377 1596 525 1643 regem
559 1579 606 1625 in
645 1580 818 1637 aciem,
853 1595 904 1625 ac
937 1577 1149 1623 dimicare
1185 1575 1238 1622 de
1275 1591 1418 1638 regno

139 1651 302 1715 coegit.
333 1652 380 1698 in
406 1668 461 1698 eo
482 1651 650 1714 proelio
671 1649 846 1714 Capusa
865 1666 965 1696 cum
990 1647 1142 1694 multis
1162 1646 1419 1709 principum

140 1724 328 1780 cecidit,
360 1740 467 1788 gens
494 1724 792 1787 Maffylorum
820 1721 970 1768 omnis
1005 1721 1052 1767 in
1084 1719 1304 1766 ditionem
1333 1719 1420 1765 im-

140 1797 402 1859 periumque
420 1796 630 1842 Mezetuli
655 1794 884 1843 conceffit.
922 1792 1046 1856 regio
1066 1803 1214 1838 tamen
1236 1791 1421 1837 nomine

140 1868 380 1925 abstinuit3
418 1869 742 1933 contentusque
782 1867 965 1915 nomine
999 1865 1184 1913 modico
1229 1862 1421 1922 tutoris,

140 1956 327 2002 puerum
368 1942 675 1998 Lacumacen,
706 1941 783 2004 qui
818 1939 962 2002 stirpis
1002 1937 1133 1999 regiae
1170 1935 1422 1998 supererat,

141 2027 290 2074 regem
309 2012 514 2074 appellat.
528 2009 937 2075 Carthaginiensem
958 2009 1157 2055 nobilem
1180 2006 1390 2052 feminam
1405 2041 1422 2063 ‚

141 2083 309 2131 sororis
326 2083 462 2131 filiam
488 2085 772 2142 Hannibalis,
794 2100 896 2147 quae
918 2082 1125 2145 proxime
1145 2079 1311 2128 (Esalci
1331 2079 1425 2142 regi

142 2167 284 2218 nupta
312 2155 484 2214 fuerat,
509 2157 798 2203 matrimonio
821 2156 900 2202 fibi
925 2154 1101 2218 jungit,
1129 2154 1202 2216 spe
1228 2154 1424 2200 Cartha-

143 2229 408 2293 ginienfium
440 2229 689 2285 societati53
722 2232 770 2277 δε
807 2246 910 2275 cum
942 2228 1148 2292 Syphace
1179 2226 1425 2289 hospitium

144 2303 367 2351 vetustum
400 2303 551 2367 legatis
581 2302 711 2349 miffis
735 2315 961 2360 renovat,
993 2301 1145 2348 omnia
1177 2317 1227 2348 ea
1258 2298 1424 2345 auxilia

144 2392 396 2438 praeparans
425 2375 632 2421 adversus
661 2373 940 2420 Mafinifi'am.

210 2451 368 2499 XXX.
401 2451 456 2497 Et
478 2448 727 2509 Masinissa,
754 2447 902 2496 audita
934 2459 1081 2493 morte
1114 2443 1294 2507 patrui,
1321 2439 1427 2489 dein
