1592 2724
274 172 832 222 HISTORIARUM
868 178 996 226 ΜΒ.
1032 179 1245 226 XXXIII.
1315 195 1400 246 351

119 275 183 323 est
217 274 442 339 ingreffus.
476 278 579 324 tulit
600 294 691 340 prae
729 277 770 323 se
802 278 897 323 auri
928 279 1048 325 mille
1080 283 1129 328 &
1163 281 1406 347 quingenta

119 348 379 411 quindecim
399 350 582 412 pondo,
600 348 769 412 argenti
790 348 959 411 vigenti
982 351 1142 410 millia,
1163 354 1311 416 signati
1333 357 1407 403 de·

118 423 271 469 narios
289 424 468 487 triginta
487 439 684 487 quatuor
707 422 843 469 millia
860 459 873 479 ‚
898 424 945 469 δ(
964 424 1239 487 quingentos
1269 430 1406 492 quin—

118 494 346 558 quaginta.
383 498 432 542 L.
463 494 698 541 Stertinius
735 511 790 540 ex
829 494 1042 541 ulteriore
1073 496 1310 559 Hispania,
1349 519 1405 548 ne

118 577 285 613 tentata
318 568 499 631 quidem
532 566 749 628 triumphi
783 566 883 629 spe,
917 568 1241 632 quinquaginta
1264 573 1404 619 millia

118 639 279 699 pondo
309 638 477 702 argenti
515 639 560 684 in
598 638 802 684 aerarium
839 638 970 685 tulit:
1009 640 1060 686 &
1093 641 1147 686 de
1181 644 1403 691 manubiis

117 712 237 760 duos
262 712 457 760 fornices
486 713 532 759 in
570 712 675 759 foro
700 712 863 759 Boario
899 725 1000 759 ante
1030 717 1239 762 Fortunae
1264 719 1403 765 aedem

118 783 169 830 ἃ
201 785 352 831 matris
385 787 602 842 Matutae‚
634 802 774 831 unum
799 785 845 830 in
880 785 1081 832 maximo
1119 788 1242 836 circo
1267 790 1404 840 fecit:

119 858 170 904 ὅ(
199 858 269 905 his
292 858 542 906 fornicibus
576 859 692 923 signa
731 870 884 906 aurata
918 859 1146 923 imposuit.
1185 865 1295 911 Haec
1325 883 1404 928 per

114 929 309 977 hiemem
344 931 482 978 ferme
505 932 613 979 acta.
643 932 919 979 Hibernabat
948 949 1005 980 eo
1038 946 1243 997 tempore
1263 937 1405 985 Athe-

116 1000 187 1048 nis
224 1003 492 1062 Quinctius,
524 1021 547 1050 a
582 1020 676 1067 quo
709 1021 811 1050 cum
847 1005 986 1051 multa
1022 1006 1132 1054 socii
1170 1020 1403 1069 peterent,

115 1073 271 1121 Boeoti
301 1076 526 1138 petierunt
555 1077 1027 1142 impetraveruntque,
1054 1092 1101 1126 ut
1121 1080 1193 1137 hi,
1218 1082 1299 1144 qui
1317 1083 1403 1130 suae

117 1146 262 1206 gentis
285 1148 538 1195 militassent
562 1151 678 1211 apud
701 1150 956 1213 Philippum
972 1186 986 1208 ,
1013 1151 1093 1198 fibi
1117 1153 1402 1203 restitueren-

117 1230 201 1267 tur.
237 1219 283 1264 ld
311 1237 334 1265 a
355 1220 574 1279 Quinfiio
601 1221 731 1269 facile
751 1222 1066 1285 impetratum3
1095 1241 1189 1272 non
1208 1227 1315 1289 quia
1338 1227 1404 1274 sa-

115 1289 172 1335 tis
201 1290 361 1353 dignos
390 1308 468 1338 eos
500 1295 736 1352 credebat,
765 1294 838 1341 sed
867 1295 970 1359 quia
989 1331 1002 1354 ‚
1033 1298 1269 1345 Antiocho
1299 1317 1401 1363 rege

115 1358 202 1421 jam
234 1363 434 1426 suspeAElo
453 1401 467 1423 ,
498 1365 634 1411 favor
657 1367 969 1415 conciliandus
990 1370 1167 1416 nomini
1187 1372 1402 1420 Romano

115 1434 237 1495 apud
254 1434 458 1482 civitates
486 1449 591 1485 erat.
626 1438 882 1498 Restitutis,
904 1439 1138 1486 confestim
1169 1445 1400 1505 apparuit,

115 1522 251 1567 quam
287 1506 412 1553 nulla
447 1507 557 1554 inita
588 1510 708 1571 apud
744 1511 933 1559 Boeotos
971 1513 1109 1575 gratia
1141 1514 1257 1560 effer.
1296 1533 1399 1563 nam

115 1578 165 1622 ἃ
192 1577 247 1622 ad
263 1577 518 1641 Philippum
542 1581 704 1644 gratias
724 1594 902 1644 agentes
934 1600 1021 1645 pro
1046 1584 1226 1631 redditis
1248 1586 1398 1635 homi-

115 1648 246 1695 nibus
266 1685 280 1708 ‚
304 1651 488 1712 perinde
516 1664 648 1715 atque
667 1653 751 1715 ipfi
777 1655 822 1700 id
848 1672 871 1701 a
896 1655 1118 1715 Quinctio
1149 1659 1199 1704 ὅ(
1231 1659 1398 1705 Roma-

115 1720 185 1767 nis
219 1721 369 1770 datum
400 1725 531 1784 esset,
571 1726 816 1773 miserunt:
857 1729 906 1775 ἃ
942 1730 1138 1776 comitiis
1177 1733 1397 1794 proximis

115 1793 419 1842 Boeotarchen
444 1798 613 1845 nullam
648 1800 775 1846 aliam
807 1801 869 1846 ol)
904 1803 1078 1849 causam
1111 1805 1394 1869 Brachyllam

114 1866 334 1927 quendam
354 1903 369 1926 ‚
397 1885 531 1931 quam
565 1873 689 1934 quod
719 1872 950 1934 praefectus
974 1877 1247 1923 Boeotorum
1279 1882 1397 1942 apud

102 1954 265 2002 ,regem
286 1940 573 1990 militantium
594 1945 761 2000 fuisset,
781 1945 1013 2003 fecerunt;
1037 1952 1271 2011 praeteritis
1286 1955 1395 1999 Zeu·

114 2011 291 2074 xippO,
305 2015 354 2060 ὃ(
371 2013 589 2062 Pisistrato
604 2052 616 2074 ‚
636 2017 814 2080 aliisque
831 2051 844 2074 ,
873 2020 950 2082 qui
970 2021 1186 2068 Romanae
1210 2023 1395 2071 sociem*

113 2083 171 2130 tis·
190 2085 391 2132 auctores
409 2085 600 2135 fuerant.
627 2092 672 2135 Id
692 2108 804 2154 aegre
823 2095 871 2139 &
891 2092 935 2137 in
957 2094 1186 2155 praesentia
1203 2096 1247 2140 hi
1264 2099 1365 2157 palli
1380 2135 1394 2154 ,

112 2157 228 2204 &in
257 2157 454 2205 futurum
477 2162 607 2207 etiam
627 2176 793 2210 metum
814 2179 1051 2228 ceperunt,
1083 2185 1182 2214 cum
1209 2171 1260 2214 ad
1284 2187 1392 2232 por=

110 2243 176 2277 tas
196 2248 338 2295 prope
356 2234 532 2283 sedente
551 2240 751 2287 exercitu
765 2242 977 2288 Romano
998 2258 1045 2286 ea
1065 2241 1223 2287 fierent
1237 2278 1250 2298 ,
1266 2243 1393 2305 quid-

110 2321 213 2350 nam
244 2305 285 2352 se
314 2305 513 2354 futurum
535 2310 669 2367 esset,
706 2313 916 2374 profectis
947 2314 993 2359 in
1022 2314 1189 2360 ltaliam
1226 2317 1393 2361 Roma-

110 2375 213 2433 nis;
244 2377 454 2440 Philippo
482 2396 538 2425 ex
573 2381 836 2445 propinquo
865 2383 1013 2431 socios
1043 2383 1310 2444 adjuvante,
1343 2388 1392 2434 ὅ(

109 2447 271 2496 infesto
292 2451 361 2497 his
377 2485 392 2508 ,
418 2451 494 2513 qui
518 2454 654 2514 partis
683 2454 878 2501 adversae
896 2455 1085 2502 fuiss'enr.
