1592 2724
250 183 794 231 HISTORIARUM
829 182 962 228 LlB.
998 181 1220 227 XXXIV.
1288 192 1381 238 409

101 289 344 347 ceffiffent,
376 303 424 336 ut
454 302 577 335 extra
616 290 748 335 {cotum
782 288 859 334 teli
895 288 1059 345 essent,
1091 288 1185 334 acie
1218 287 1383 334 diretta

98 363 320 424 paulisper
344 362 569 408 steterunt.
606 361 848 423 Postquam
879 377 1014 406 nemo
1043 360 1238 406 hostium
1265 377 1381 407 con-

99 445 165 478 tra
195 433 372 488 exibat,
406 432 631 478 redierunt
653 431 697 476 in
729 430 882 477 castra.
915 430 1101 476 Postero
1134 431 1204 476 die
1230 431 1383 490 Quin-

99 505 208 551 &rius
240 522 382 567 prope
414 505 582 552 flumen
613 516 774 566 praeter
806 504 962 549 urbem
989 502 1066 549 sub
1087 502 1198 564 ipsas
1227 505 1385 549 Mene-

99 578 173 639 laji
194 579 363 624 montis
389 578 560 624 radices
594 579 756 624 ducere
789 576 946 639 copias
976 576 1202 623 instructas
1225 577 1383 639 pergit.

100 652 257 712 prima:
286 650 543 712 legionariae
571 651 793 698 ‚cohortes
824 650 973 696 ibant:
1012 649 1126 696 levis
1161 664 1383 697 armatura

97 723 147 767 ὃς
178 720 348 784 equites
369 738 524 782 agmen
547 722 781 784 cogebant.
816 722 954 767 Nabis
973 721 1087 768 intra
1112 740 1290 768 murum
1310 722 1383 767 in-

98 792 283 839 structos
309 792 575 854 paratosque
607 793 685 838 sub
707 792 837 855 signis
865 793 1054 840 habebat
1077 792 1382 840 mercenarios

98 865 287 922 milites,
310 864 383 926 (in
407 866 568 925 quibus
595 864 744 910 omnis
765 863 925 911 fiducia
945 864 1070 928 erat)
1104 879 1155 911 ut
1174 865 1227 911 ab
1253 878 1382 928 tergo

98 936 267 982 hostem
303 937 629 998 aggrederetur.
664 936 900 999 postquam
934 951 1184 985 extremum
1223 955 1382 1001 agmen

100 1009 340 1072 praeteriit,
362 1022 455 1054 tum
476 1009 530 1054 al)
557 1010 758 1071 oppido,
793 1012 951 1056 eodem
989 1028 1083 1073 quo
1116 1011 1255 1073 pridie
1276 1029 1382 1058 eru-

96 1097 255 1146 perant
276 1082 495 1139 tumultu,
512 1082 714 1144 pluribus
735 1082 859 1128 fimul
880 1083 991 1128 locis
1015 1095 1270 1145 erumpunt.
1296 1085 1380 1145 Ap.

100 1156 313 1203 Claudius
331 1172 487 1218 agmen
511 1155 722 1218 cogebat:
752 1153 829 1219 qui
854 1156 908 1201 ad
935 1156 1001 1213 id,
1026 1157 1151 1218 quod
1179 1156 1381 1203 futurum

97 1244 190 1275 erat
207 1265 219 1287 ‚
242 1245 296 1273 ne
319 1228 603 1290 inopinatum
634 1227 883 1285 accideret,
904 1228 1158 1291 praeparatis
1194 1229 1381 1276 suorum

96 1302 277 1359 animis,
298 1301 418 1363 signa
438 1300 668 1362 extemplo
688 1300 917 1348 convertit
931 1337 944 1359 ‚
970 1314 1208 1364 totumque
1228 1302 1273 1347 in
1292 1303 1380 1348 ho-

97 1375 202 1431 stem
235 1391 391 1437 agmen
419 1373 694 1435 circumegit.
732 1376 910 1436 ltaque,
946 1374 1073 1419 velut
1108 1375 1234 1420 reclae
1263 1375 1380 1423 acies

97 1448 448 1504 concurrissent,
469 1445 629 1506 justum
646 1446 912 1508 aliquamdiu
930 1446 1142 1507 prcelium
1158 1446 1254 1493 fuit.
1285 1460 1381 1492 tan-

97 1522 196 1568 dem
220 1520 406 1570 Nabidis
433 1519 594 1565 milites
621 1520 666 1564 in
687 1519 832 1582 fugam
856 1519 1142 1566 inclinarunt.
1176 1537 1277 1582 quae
1296 1521 1381 1567 mi-

97 1611 180 1639 nus
201 1591 335 1639 infida
355 1610 403 1639 ac
427 1591 598 1654 trepida
623 1591 786 1649 fuisset,
805 1592 848 1636 ni
869 1591 1025 1638 Achaei
1044 1591 1251 1638 locorum
1275 1609 1378 1653 pru-

98 1666 250 1711 dente-3
285 1664 551 1710 institiss'ent.
596 1664 642 1710 hi
679 1665 728 1711 &
759 1665 923 1711 caedem
962 1665 1188 1728 ingentem
1224 1665 1378 1711 edide-

99 1749 227 1794 runt,
241 1739 287 1784 ὃ(
306 1734 524 1798 dispersos
541 1737 691 1798 paffim
715 1735 814 1799 fuga
834 1736 1068 1799 plerosque
1087 1737 1218 1782 armis
1241 1753 1379 1783 exue·

99 1824 219 1855 runt.
256 1807 495 1867 Quinctius
512 1825 653 1870 prope
673 1808 886 1871 Amyclas
905 1807 1052 1869 posuit
1077 1808 1223 1855 castra.
1250 1808 1380 1865 inde,

98 1899 198 1929 cum
225 1881 545 1943 perpopulatus
563 1881 714 1926 omnia
743 1879 1026 1940 circumiecta
1049 1880 1149 1926 urbi
1172 1880 1378 1944 frequen-

36 1967 39 1973 '
97 1955 152 2001 tis
186 1957 234 2001 &
268 1953 438 1999 amoeni
475 1952 567 2017 agri
607 1953 707 1999 loca
746 1953 878 2011 effer,
909 1953 1036 1998 nullo
1065 1952 1151 2013 jam
1183 1952 1378 2000 hostiurn

98 2039 227 2089 porta
250 2026 518 2082 excedente,
548 2025 696 2071 movit
722 2024 861 2071 castra
888 2025 941 2070 ad
962 2024 1127 2070 flumen
1147 2027 1377 2072 Eurotam.

98 2099 200 2145 inde
231 2099 394 2144 vallem
425 2100 633 2161 Taygeto
665 2097 901 2160 subjectam
933 2098 1144 2162 agrosque
1177 2099 1230 2144 acl
1259 2115 1377 2144 mare

95 2171 368 2234 pertinentes
398 2170 576 2216 evastat.

162 2244 334 2288 XXIX.
375 2243 546 2288 Eodem
576 2240 667 2287 fere
698 2254 900 2305 tempore
937 2245 984 2288 L.
1006 2241 1245 2301 Quinctius
1280 2258 1377 2287 ma-

96 2317 256 2364 ritimae
287 2334 377 2363 orae
402 2317 594 2379 oppida,
623 2317 783 2379 partim
808 2317 1070 2372 voluntate,
1099 2315 1257 2378 partim
1279 2333 1375 2362 me-

95 2401 144 2435 tu
162 2403 237 2436 aut
258 2389 334 2447 vi,
367 2390 550 2451 recepit.
583 2388 751 2435 certior
778 2389 936 2434 deinde
961 2388 1123 2445 taetus,
1146 2389 1374 2451 Gythium

100 2462 316 2525 oppidum
339 2460 546 2507 omnium
574 2459 896 2508 maritimarum
926 2476 1072 2505 rerum
1093 2458 1378 2505 Lacedaemo-
