1592 2724
312 166 859 214 fflsTo‘RtARUM
894 169 1023 216 Lm.
1061 170 1238 218 ΧΧῙΧ.
1353 189 1416 235 99

132 270 311 335 imperii
335 272 482 320 missus
503 272 701 335 Sulpicio
717 308 731 330 ,
761 289 863 319 cum
884 272 1038 319 decem
1068 275 1264 323 millibus
1292 278 1420 339 pedi-

130 356 252 400 tum,
275 346 323 393 δέ
344 345 465 392 mille
487 344 732 408 equitibus,
756 347 805 392 &
823 345 1003 408 triginta
1023 347 1224 411 quinque
1249 350 1416 397 rostra·-

131 417 188 464 tis
211 417 401 465 navibus
423 416 573 481 (haud
598 434 790 480 parvum
811 429 1092 463 momentum
1113 419 1166 464 ad
1191 436 1326 482 opem
1349 421 1417 468 fe-

131 490 314 535 rendam
350 488 515 552 sociis)
555 489 842 551 oppreffiffet.
888 489 1089 535 Vixdum
1126 507 1232 552 pace
1269 490 1380 538 faeta
1403 529 1417 550 ,

129 562 314 608 nuntius
340 562 434 625 regi
454 561 607 619 venit,
628 564 863 608 Romanos
885 564 1194 625 Dyrrachium
1215 566 1384 612 venisse
1402 587 1416 615 ε

127 632 452 694 Parthinosque
477 635 526 680 &
554 632 832 696 propinquas
858 634 963 692 alias
985 648 1137 699 gentes
1162 650 1309 685 motas
1330 640 1416 685 ess'e

126 706 182 751 ad
203 705 321 767 spem
346 706 550 751 novandi
574 722 644 751 res
664 724 674 752 :
695 706 1035 770 Dimallumque
1054 711 1318 773 oppugnari.
1345 715 1415 758 Eo

125 776 170 822 se
192 788 418 823 verterant
437 776 633 822 Romani
654 777 708 823 ab
723 777 1005 837 AEtolorum,
1019 797 1113 843 quo
1132 782 1243 828 miffi
1264 798 1414 842 erant,

125 850 327 908 auxilio,
357 850 484 908 irati,
515 850 641 914 quod
672 850 764 896 fine
796 852 1058 900 auctoritate
1093 850 1169 900 sua
1202 856 1414 906 adversus

125 923 274 971 foedus
301 941 403 971 cum
434 940 536 987 rege
569 940 725 986 pacem
754 923 968 972 fecissent.
1002 927 1064 972 Ea
1095 944 1198 974 cum
1228 931 1414 979 audifi'et

123 996 384 1059 Philippus,
406 1013 462 1042 ne
479 995 555 1058 qui
578 1007 728 1042 motus
749 995 893 1057 major
913 996 959 1042 in
983 995 1185 1046 finitimis
1202 1003 1412 1064 gentibus

123 1070 396 1135 populisque
417 1070 635 1127 oriretur,
656 1069 829 1132 magnis
856 1069 1089 1118 itineribus
1111 1074 1410 1135 Apolloniam

122 1143 359 1191 contendit
380 1158 393 1198 3
436 1158 532 1206 quo
576 1142 866 1204 Sempronius
908 1142 950 1188 se
986 1158 1243 1206 receperat,
1278 1148 1410 1194 miffo

105 1219 323 1265 ‚Laetorio
348 1218 497 1280 legato
525 1234 626 1264 cum
653 1230 778 1279 parte
807 1206 1040 1279 copiarum
1068 1220 1118 1266 &
1147 1220 1409 1284 quindecim
1475 1239 1479 1241 ’

120 1291 314 1338 navibus
331 1290 377 1336 in
397 1290 608 1337 AEtoliam
624 1327 637 1347 ,
659 1292 706 1337 ὃ(
728 1290 781 1336 ad
803 1289 1005 1336 visendas
1027 1308 1120 1349 res,
1138 1309 1411 1360 pacemque,

117 1365 152 1412 fi
183 1364 351 1427 poffet,
385 1364 661 1411 turbandam.
701 1364 931 1426 Philippus
965 1381 1095 1427 agros
1130 1367 1406 1428 Apollonia-

117 1437 233 1484 tium
258 1437 475 1495 vastavit,
495 1440 568 1496 &,
589 1438 643 1484 ad
668 1438 826 1484 urbem
847 1438 1039 1484 admotis
1074 1438 1243 1500 copiis,
1273 1454 1406 1504 pote·

115 1510 270 1557 statem
289 1528 452 1574 pugnae
474 1512 686 1556 Romano
707 1510 826 1557 fecit.
862 1528 996 1573 quem
1018 1511 1250 1574 postquam
1272 1515 1404 1577 quie-

115 1597 211 1631 tum
229 1601 382 1631 muros
402 1584 717 1630 tantummodo
743 1582 853 1628 tueri
874 1583 990 1631 vidit
1006 1620 1019 1639 ,
1042 1600 1124 1630 nec
1143 1584 1242 1631 satis
1259 1585 1401 1635 fidens

114 1657 319 1713 viribus,
350 1668 400 1702 ut
433 1656 589 1702 urbem
624 1668 929 1719 oppugnaret,
962 1658 1012 1703 &
1047 1673 1148 1703 cum
1183 1659 1403 1708 Romanis

113 1746 300 1793 quoque
319 1763 331 1785 ,
351 1729 461 1775 ficut
485 1745 585 1774 cum
608 1728 770 1774 AEtolis
786 1764 800 1786 ,
828 1728 1011 1790 cupiens
1034 1746 1213 1790 pacem,
1233 1731 1263 1776 fi
1290 1733 1401 1794 pos-

114 1803 204 1859 set,
225 1802 289 1847 fin
318 1801 495 1858 minus,
516 1801 716 1848 inducias
739 1800 908 1858 facere,
938 1799 1052 1846 nihil
1078 1801 1191 1848 ultra
1218 1802 1399 1851 irritatis

106 1892 246 1922 -novo
276 1873 520 1921 certamine
553 1873 695 1930 odiis,
724 1874 770 1920 in
805 1891 991 1936 regnum
1022 1873 1065 1920 se
1096 1874 1276 1938 recepit.
1314 1878 1399 1924 Per

112 1949 230 1995 idem
262 1960 463 2010 tempus,
483 1948 621 1994 taedio
643 1948 804 1994 diutini
823 1948 952 2006 belli,
973 1947 1173 2010 Epirotae
1191 1985 1205 2008 ,
1228 1962 1398 2000 tentata

113 2025 238 2087 prius
259 2025 572 2071 Romanorum
594 2023 853 2083 voluntate,
874 2024 1044 2087 legatos
1063 2023 1117 2070 <ie
1137 2041 1247 2087 pace
1265 2043 1398 2073 com-

113 2096 242 2145 muni
274 2095 328 2142 ad
356 2096 611 2160 Philippum
642 2097 824 2152 misere3
854 2097 952 2144 satis
990 2095 1248 2158 confidere,
1279 2116 1397 2147 con-

113 2183 349 2218 venturam
377 2185 473 2214 eam
490 2205 504 2225 ‚
527 2168 819 2228 affirmantes,
844 2170 876 2218 si
902 2169 955 2216 ad
975 2168 1259 2232 colloquium
1293 2188 1398 2219 cum

112 2244 160 2290 P.
181 2242 451 2304 Sempronio
481 2242 752 2305 imperatore
770 2246 984 2291 Romano
1007 2244 1209 2291 veniffet.
1249 2245 1395 2292 Facile

112 2316 433 2378 impetratum,
465 2316 636 2379 (neque
670 2316 789 2363 enim
820 2333 876 2362 ne
905 2316 1038 2379 ipsius
1069 2315 1247 2378 quidem
1280 2315 1397 2378 regis

111 2387 380 2434 abhorrebat
406 2387 608 2451 animus)
636 2401 687 2436 ut
714 2389 762 2435 in
788 2389 974 2452 Epirum
1007 2386 1224 2434 transiret.
1254 2387 1395 2434 Phoe-

109 2459 214 2509 nice
238 2460 345 2508 urbs
376 2459 439 2509 est
463 2460 620 2524 Epiri:
642 2461 707 2510 ibi
735 2463 860 2527 prius
889 2459 1148 2510 collocutus
1177 2474 1259 2505 rex
1288 2475 1392 2516 cum

1025 2533 1071 2578 G
1110 2547 1136 2579 2
