1592 2724
292 187 838 237 HISTORIARUM
873 187 996 234 LIB.
1029 184 1210 233 XXXI.
1293 200 1387 249 227

101 298 222 345 ditos
241 296 349 354 rati,
365 296 442 359 qui
459 304 707 360 pugnantes
727 302 920 338 mortem
942 291 1272 347 occubuissent,
1288 308 1388 353 per-

68 397 73 399 -
101 370 355 433 juriumque
386 368 481 415 aliis
511 367 587 414 alii
618 363 971 427 exprobrantes,
1004 366 1053 411 &
1084 363 1390 410 sacerdotibus

102 443 298 490 maxime
312 479 327 499 ‚
345 442 448 504 qui,
470 455 586 503 quos
606 439 662 485 ad
679 449 872 484 mortem
895 436 1207 493 devoviffent,
1227 453 1391 483 eorum

103 517 380 563 deditionem
405 514 624 563 vivorum
641 510 758 558 hosti
777 509 977 557 fecissent
992 545 1005 567 ‚
1028 520 1208 570 repente
1230 526 1392 556 omnes

102 590 157 636 ad
198 589 364 636 caedem
402 585 648 648 conjugum
685 583 1022 644 liberorumque
1062 580 1392 641 discurrerent,

105 662 238 726 seque
270 661 350 725 ipsi
387 677 466 722 per
494 673 654 705 omnes
692 657 787 705 vias
817 655 895 702 leti
934 652 1249 701 interficerent.
1293 656 1395 701 Ob-

104 734 370 797 stupefaffils
391 749 447 780 eo
480 730 634 778 furore
651 747 753 787 rex,
773 728 1004 792 suppreffit
1029 728 1245 789 impetum
1269 728 1396 774 mili-

107 824 206 857 tum
224 826 234 854 :
255 809 329 864 &‚
357 808 538 851 triduum
560 805 611 865 se
637 806 696 849 ad
724 804 981 848 moriendum
1009 802 1236 861 Abydenis
1262 803 1362 847 dare
1379 836 1398 859 ,

107 881 236 929 dixit.
265 881 376 938 Quo
406 876 549 939 spatio
576 876 704 938 plura
728 874 929 922 facinora
961 871 1008 917 in
1039 870 1080 918 se
1109 872 1217 919 viffi
1243 872 1401 919 edide=

109 967 246 1009 runt,
282 968 415 1015 quam
452 949 599 996 infesti
634 948 865 995 edidifl'ent
898 945 1130 993 πάθοι-τες
1166 961 1272 1003 nec,
1312 945 1397 991 nifi

107 1044 243 1092 quem
282 1024 461 1072 vincula
497 1034 572 1070 aut
602 1022 688 1069 alia
720 1020 947 1068 necefiitas
980 1017 1097 1064 mori
1136 1017 1398 1080 prohibuit,

110 1101 345 1166 quisquam
386 1099 524 1147 vivus
562 1097 609 1143 in
643 1095 908 1158 potestatem
949 1092 1090 1141 venit.
1134 1091 1400 1154 Philippus,

109 1174 326 1236 imposito
360 1171 515 1236 Abydi
547 1170 779 1232 praesidio,
802 1169 849 1215 in
881 1185 1066 1231 regnum
1100 1166 1244 1212 rediit.
1278 1168 1400 1213 Cum

110 1248 241 1295 velut
255 1245 436 1309 Sagunti
451 1243 675 1290 excidium
692 1241 958 1297 Hannibali,
974 1240 1033 1288 fic
1045 1240 1254 1302 Philippo
1268 1241 1400 1303 Aby-

112 1321 336 1366 denorum
359 1317 503 1363 clades
531 1315 585 1361 ad
604 1315 858 1360 Romanum
886 1312 1051 1359 bellum
1074 1313 1248 1359 animos
1267 1312 1400 1359 fecis·

111 1393 206 1446 set,
243 1389 388 1436 nuntii
425 1399 746 1444 occurrerunt,
784 1386 1015 1433 consulem
1053 1385 1141 1447 jam
1175 1386 1222 1432 in
1255 1386 1401 1448 Epiro

114 1463 223 1520 efl'e,
253 1464 300 1508 ἃ*
320 1459 614 1522 Apolloniam
634 1458 858 1505 terrestres
877 1458 1054 1520 copias,
1075 1458 1256 1504 navales
1281 1459 1401 1503 Cor-

111 1554 273 1602 cyram
300 1536 344 1581 in
369 1535 552 1580 hiberna
575 1533 815 1579 deduxisse.

189 1612 320 1657 X1X.
358 1612 475 1654 Inter
513 1608 609 1654 haec
643 1606 822 1669 legam,
856 1604 934 1668 qui
970 1604 1017 1650 in
1050 1602 1248 1651 Africam
1285 1604 1399 1652 miffi

113 1696 266 1741 erant,
287 1684 340 1728 de
360 1680 609 1727 Hamilcare
633 1678 796 1726 Gallici
815 1677 1036 1724 exercitus
1056 1678 1191 1734 duce,
1212 1677 1402 1737 respon-

115 1756 210 1803 sum
241 1772 266 1800 a
295 1752 736 1816 Carthaginiensibus
770 1751 854 1807 est,
888 1749 997 1795 nihil
1030 1748 1144 1796 ultra
1180 1748 1222 1795 1e
1254 1748 1402 1795 facere

50 1878 57 1882 ,
116 1826 261 1891 posse,
279 1841 412 1888 quam
431 1837 480 1870 ut
495 1823 650 1869 exsilio
665 1839 767 1869 eum
782 1786 1057 1877 mtilfi'tarent⁹
1076 1820 1340 1883 bonaque
1306 1838 1342 1881 e]
1351 1836 1403 1868 us

115 1899 413 1965 publicarent.
429 1895 637 1959 Perfugas
658 1897 705 1942 &
726 1893 945 1956 fugitivos
959 1928 973 1950 ‚
988 1908 1105 1953 quos
1125 1891 1402 1953 inquirendo

118 1970 333 2031 vestigare
355 1967 611 2030 potuerint,
633 1964 893 2013 reddidisse:
914 1965 963 2009 &
983 1963 1037 2008 de
1057 1980 1108 2009 ea
1128 1978 1175 2008 re
1193 1962 1404 2008 missuros

117 2045 289 2106 legatos
311 2043 504 2087 Romam
520 2077 533 2099 ‚
552 2040 631 2103 qui
655 2039 824 2086 senatui
853 2036 1164 2084 satisfacerent.
1188 2036 1406 2083 Ducenta

117 2109 257 2164 millia
284 2114 487 2160 modium
514 2111 651 2159 tritici
681 2115 897 2166 Romam,
920 2110 1109 2156 ducenta
1143 2110 1197 2155 ad.
1228 2109 1403 2156 exerci-

117 2201 217 2234 tum
235 2190 279 2231 in
296 2185 611 2232 Macedoniam
639 2185 861 2231 miserunt
886 2184 990 2229 Inde
1009 2182 1054 2227 in
1074 2181 1328 2226 Numidiam
1348 2178 1404 2226 ad

118 2275 245 2321 reges
272 2257 460 2320 profeffi
489 2257 632 2319 legati.
661 2257 779 2302 dona
807 2257 904 2301 data
926 2253 1189 2310 Masmiffae,
1215 2252 1402 2298 manda·-

121 2344 256 2394 taque
274 2330 405 2376 edita.
430 2331 613 2393 Equites
631 2329 752 2374 mille
771 2329 978 2374 Numidae
998 2327 1133 2390 (cum
1152 2326 1241 2370 duo
1262 2323 1405 2370 millia

122 2403 276 2465 daret)
298 2402 483 2464 accepti.
512 2401 602 2463 ipse
623 2401 667 2446 in
699 2418 836 2447 naves
862 2399 1165 2461 imponendos
1195 2394 1403 2442 curavit:

124 2475 175 2522 δι
200 2491 304 2522 cum
332 2472 534 2521 ducentis
554 2472 749 2520 millibus
780 2471 984 2519 modium
1005 2465 1172 2523 tritici,
1201 2465 1406 2514 ducentis
