1592 2724
180 150 275 211 236
453 147 1116 197 .T1T1L1vt1

178 267 383 316 numque
419 252 475 300 ad
515 253 862 318 depopulandos
900 257 1236 306 Atheniensium
1271 257 1407 317 fines,
1444 274 1472 307 e

177 326 365 388 regione
407 327 623 375 Eleufinis
664 329 822 376 saltum
867 330 1143 378 Cithaeronis
1182 332 1471 381 transcendit&

178 396 285 444 inde
319 399 503 447 dimidia
534 415 657 463 parte
686 404 878 450 militum
907 405 962 450 ad
991 406 1283 467 praedandum
1313 407 1468 469 paffim

177 485 260 532 per
278 488 408 534 agros
438 473 633 532 dimissa,
652 492 754 522 cum
782 490 907 538 parte
936 477 1028 540 ipse
1048 478 1256 525 occultus
1276 479 1382 526 loco
1410 478 1467 527 ad

176 541 356 591 infidias
390 561 658 609 opportuno
690 550 922 606 consedit,
951 564 1023 606 ut,
1057 552 1088 598 fi
1121 569 1177 598 ex
1209 552 1387 599 castello
1410 552 1469 601 ab

177 617 382 665 Eleusine
408 620 452 667 in
480 623 726 683 praedantes
749 623 849 670 suos
883 624 1080 687 impetus
1107 624 1257 685 fieret,
1285 637 1468 688 repente

178 691 328 739 hostes
347 692 510 741 effusos
534 712 590 741 ex
619 697 873 759 improviso
895 699 1161 748 adoriretur.
1198 703 1304 747 Non
1336 699 1469 746 fefel-

177 761 271 809 lere
298 763 481 812 infidiae.
515 765 667 829 itaque
698 770 949 826 revocatis,
978 773 1053 833 qui
1088 772 1384 819 discurrerant
1412 770 1468 818 ad

177 837 465 898 praedandum
479 873 491 893 ,
514 839 753 898 militibus,
773 841 1104 905 instrttffisque‚‘
1123 846 1177 891 ad
1198 860 1468 907 oppugnan-

178 908 286 954 dum
306 910 533 957 castellum
556 913 806 960 Eleusinem
829 915 1081 976 profectus,
1105 934 1208 963 cum
1226 916 1376 962 multis
1397 916 1468 962 in-

178 981 236 1027 de
266 983 528 1031 vulneribus
554 987 755 1045 receffit,
776 989 1078 1053 Philippoque
1108 988 1148 1035 se
1180 989 1382 1036 venienti
1411 1005 1468 1035 ex

176 1054 348 1118 Achaja
382 1056 637 1118 conjunxit.
665 1062 856 1108 Tentata
892 1065 940 1110 ὅ(
976 1064 1030 1109 ab
1058 1062 1154 1124 ipso
1187 1079 1289 1127 rege
1323 1079 1473 1124 oppu-

177 1130 335 1192 gnatio
352 1130 445 1191 ejus
464 1132 625 1180 castelli
647 1133 722 1180 est.
742 1134 812 1181 sed
834 1146 972 1182 naves
994 1137 1212 1181 Romanae
1227 1171 1240 1192 ,
1256 1153 1279 1181 a
1299 1136 1474 1180 Piraeeo

178 1203 437 1263 venientes,
458 1204 850 1270 intromissumque
872 1207 1121 1268 praefidium
1136 1243 1149 1263 ,
1172 1206 1373 1266 algfistere
1398 1205 1471 1252 in-

177 1288 313 1337 cepto
334 1289 594 1340 coegerunt.
625 1278 793 1325 Diviso
820 1279 981 1325 deinde
1008 1281 1239 1335 exercitu,
1258 1297 1336 1325 rex
1366 1297 1470 1327 curn

176 1362 301 1411 parte
322 1349 570 1396 Philoclem
592 1350 792 1397 Athenas
818 1351 988 1409 mittit,
1006 1369 1108 1399 cum
1131 1366 1254 1414 parte
1284 1352 1374 1413 ipse
1399 1353 1470 1400 Pi·-

177 1438 346 1468 raeeum
378 1423 555 1486 pergit:
585 1435 658 1481 ut,
694 1440 797 1470 cum
833 1424 1058 1472 Philocles
1097 1425 1331 1472 subeundo
1366 1443 1470 1471 mu-

175 1510 282 1551 ros,
305 1495 354 1541 &
374 1495 694 1541 comminanda
716 1496 1057 1560 oppugnatione
1086 1498 1343 1545 contineret
1360 1499 1470 1545 urbe

174 1565 493 1624 Athenienses,
523 1566 602 1628 ipsi
630 1566 847 1613 Piraeeum
880 1567 972 1613 levi
1003 1585 1106 1614 cum
1134 1570 1340 1631 praefidio
1363 1570 1471 1616 reli-

176 1639 296 1684 &um
323 1637 614 1702 expugnandi
644 1638 830 1686 facultas
862 1641 979 1687 esset.
1016 1643 1226 1688 Ceterum
1257 1643 1401 1688 nihilo
1429 1642 1471 1690 ei

175 1711 336 1757 Piraeei
350 1747 364 1769 ‚
385 1728 516 1774 quam
537 1711 752 1758 Eleusinis
767 1748 780 1771 ‚
803 1712 1007 1771 facilior,
1029 1714 1179 1761 iisdem
1200 1715 1293 1762 fere
1314 1716 1474 1762 defen-

177 1784 415 1844 dentibus,
445 1785 728 1849 oppugnatio
766 1785 864 1833 fuit.
900 1789 937 1832 Α
971 1789 1143 1833 Piraeeo
1172 1788 1367 1835 Athenas
1397 1806 1472 1835 re-

177 1872 312 1919 pente
345 1857 488 1904 duxit.
519 1857 622 1905 inde
657 1858 898 1920 eruptione
934 1858 1074 1906 subita
1108 1860 1307 1921 peditum
1339 1862 1471 1925 equi-

177 1941 364 1992 tumque
398 1931 516 1978 inter
546 1932 767 1996 angustias
787 1932 986 1980 semiruti
1010 1934 1148 1991 muri,
1170 1934 1247 1986 eui
1277 1934 1474 1982 brachiis

177 2002 360 2049 duobus
391 2004 608 2051 Piraeeum
644 2006 833 2053 Athenis
862 2006 1032 2071 jungit,
1065 2008 1288 2068 repulsus;
1317 2009 1476 2055 omiffa

180 2075 527 2138 oppugnatione
564 2076 717 2134 urbis,
756 2077 905 2124 diviso
946 2095 1046 2125 cum
1086 2079 1288 2126 Philocle
1326 2079 1474 2127 rursus

181 2149 408 2209 exercitu,
432 2151 487 2197 ad
514 2151 754 2198 vastandos
777 2169 908 2214 agros
935 2152 1161 2215 profectus
1178 2189 1192 2210 ‚
1216 2171 1318 2199 cum
1350 2153 1472 2215 prio-

178 2240 273 2269 rem
297 2224 637 2286 populationem
668 2225 880 2288 sepulcris
911 2227 1029 2273 circa
1058 2228 1214 2273 urbem
1243 2225 1471 2272 diruendis

179 2296 467 2356 exercuisset,
500 2314 555 2344 ne
577 2297 686 2361 quid
716 2298 993 2346 inviolatum
1025 2300 1326 2363 relinqueret,
1357 2312 1470 2345 tem«-

181 2369 256 2432 pla
291 2370 472 2428 Defim,
502 2387 603 2433 quae
639 2371 833 2436 pagatim
864 2372 1030 2419 sacrata
1070 2374 1316 2427 habebant,
1353 2371 1471 2420 dirui

181 2455 315 2506 atque
348 2441 532 2492 incendi
559 2442 695 2506 justit.
733 2447 964 2494 Exornata
995 2462 1052 2494 eo
1086 2461 1247 2511 genere
1279 2448 1474 2508 operum
