1592 2724
224 151 318 201 330
584 139 1151 189 T1T1L1v11

223 245 322 308 gis,
349 262 478 308 quam
507 245 653 302 acies,
678 247 918 311 aptiorque
943 248 1125 306 itineri,
1154 266 1287 313 quam
1320 269 1502 317 pugnae,

223 316 415 363 vixdum
446 317 492 363 in
529 317 685 382 jugum
722 320 935 368 evaserat.
971 323 1018 367 In
1058 321 1143 368 hos
1175 322 1502 386 incompositos
1572 379 1577 383 ‚

224 391 493 451 Quinctius,
520 411 774 458 quanquam
808 397 967 459 pedem
994 396 1232 444 referentes
1260 399 1307 445 in
1337 400 1500 446 dextro

223 479 369 511 cornu
396 466 497 514 suos
535 469 773 529 cernebat,
809 471 1057 534 elephantis
1091 472 1213 535 prius
1246 468 1293 520 in
1329 474 1502 521 hostem

222 536 327 584 actis
345 575 360 595 ,
381 537 595 601 impetum
621 541 724 588 facit
739 560 754 598 3
791 556 906 591 ratus
930 558 1099 608 partem
1123 544 1405 609 profligatam
1427 563 1502 593 ce-

222 625 315 655 tera
333 611 584 659 tracturam.
617 615 726 660 Non
751 615 883 662 dubia
905 634 973 664 res
995 617 1093 665 fuit.
1123 618 1355 682 extemplo
1382 635 1504 683 terga

222 695 398 729 vertere
416 685 688 733 Macedones
701 723 714 746 ,
731 701 902 736 terrore
924 689 1072 753 primo
1091 690 1328 738 bestiarum
1345 692 1504 741 averfi.

222 755 272 803 &
303 757 439 804 ceteri
470 759 649 823 quidem
685 762 769 810 hos
798 763 948 826 pulsos
981 764 1304 829 sequebantur:
1339 783 1455 813 unus
1479 784 1505 815 e

222 829 416 878 tribunis
456 833 679 894 militum,
714 838 945 901 extemplo
982 851 1117 901 capto
1149 840 1369 898 confilio,
1403 858 1505 887 cum

224 901 388 965 viginti
429 904 658 969 signorum
693 908 937 968 militibus,
974 910 1125 957 relicta
1159 927 1210 957 ea
1244 923 1366 974 parte
1399 909 1505 957 suo-

222 990 321 1021 rum
338 1013 350 1034 ,
369 994 468 1040 quae
485 980 599 1028 haud
620 983 754 1031 dubie
774 984 1011 1044 vincebat,
1032 985 1161 1033 brevi
1181 984 1373 1032 circuitu
1393 984 1505 1030 dex-

222 1058 338 1094 trum
356 1067 499 1098 cornu
519 1053 713 1102 hostium
736 1057 938 1105 aversum
956 1058 1144 1106 invadit.
1165 1056 1342 1104 Nullam
1363 1056 1505 1103 aciem

221 1120 277 1167 ab
309 1138 434 1187 tergo
468 1125 650 1175 adortus
681 1146 776 1176 non
807 1131 1043 1187 turbaffet3
1081 1146 1280 1178 ceterum
1300 1129 1355 1176 ad
1375 1145 1506 1176 com-

222 1210 404 1241 munem
428 1198 631 1245 omnium
670 1200 716 1245 in
749 1202 823 1247 tali
854 1219 898 1249 re
925 1203 1272 1265 trepidationem
1304 1201 1506 1257 acceffit,

222 1270 349 1330 quod
377 1270 573 1332 phalanx
596 1275 926 1333 Macedonum,
960 1274 1109 1338 gravis
1134 1287 1266 1338 atque
1290 1273 1506 1334 immobiz-

222 1340 306 1399 lis,
336 1359 420 1390 nec
455 1343 754 1410 circumagere
790 1347 830 1394 se
869 1358 1073 1410 poterat,
1110 1364 1193 1394 nec
1225 1347 1346 1405 hoc,
1373 1345 1453 1409 qui
1482 1363 1508 1393 a

224 1413 399 1475 fronte,
438 1418 575 1479 paul-0
607 1432 709 1467 ante
749 1422 907 1484 pedem
942 1420 1183 1467 referentes
1203 1455 1217 1476 ,
1246 1432 1355 1467 tunc
1383 1418 1506 1465 ultro

222 1489 386 1536 territis
407 1490 629 1538 instabant
644 1528 660 1551 ,
679 1493 977 1555 patiebantur.
1016 1493 1084 1539 Ad
1112 1492 1228 1550 hoc,
1247 1491 1356 1538 loco
1374 1491 1508 1538 etiam

222 1563 569 1623 premebantur,
608 1564 712 1628 quia
742 1564 894 1629 jugum
912 1601 926 1623 ,
955 1582 1011 1611 ex
1048 1581 1141 1628 quo
1167 1576 1508 1628 pugnaverant,

224 1634 330 1681 dum
363 1653 442 1699 per
469 1638 679 1701 proclive
704 1637 857 1701 pulsos
883 1638 1207 1701 insequuntur,
1238 1636 1509 1684 tradiderant

156 1737 161 1740 -
223 1706 339 1754 hosti
367 1710 422 1756 ad
450 1722 570 1775 terga
590 1711 663 1758 sua
691 1711 1012 1759 circumducto.
1040 1709 1263 1772 Paulisper
1288 1709 1334 1756 in
1356 1709 1508 1756 medio

223 1781 321 1827 caefi
342 1818 355 1841 ,
400 1784 593 1846 deinde,
630 1785 798 1834 omiffis
836 1786 1041 1850 plerique
1076 1784 1243 1842 armis,
1281 1783 1508 1846 capeffunt

220 1853 384 1918 fugam.

293 1929 354 1975 X.
388 1929 617 1992 Philippus
654 1948 756 1978 cum
795 1930 947 1995 paucis
985 1929 1185 1992 peditum
1215 1926 1507 2006 equitumque

227 1999 378 2061 primo
409 2003 635 2050 tumulum
670 2004 879 2051 altiorem
922 2003 1039 2048 inter
1074 2014 1248 2048 ceteros
1280 2010 1426 2061 cep1t,
1460 2010 1510 2044 ut

227 2070 542 2133 specularetur,
567 2092 668 2138 quae
688 2075 736 2121 in
758 2075 871 2124 laeva
892 2086 1014 2137 parte
1036 2072 1217 2119 suorum
1240 2071 1421 2119 fortuna
1443 2070 1509 2116 es-

227 2144 314 2191 sct:
347 2146 530 2205 deinde,
562 2147 800 2211 postquam
833 2147 980 2211 fugam
1013 2145 1195 2193 effusam
1225 2144 1509 2192 animadverm

226 2220 302 2279 tit,
334 2224 378 2267 δέ
403 2221 553 2268 omnia
586 2222 702 2269 circa
726 2222 828 2285 juga
849 2222 980 2286 fignis
1010 2233 1142 2283 atque
1158 2219 1292 2266 ar'mis
1320 2217 1507 2281 fulgere,

227 2306 324 2340 tum
355 2298 403 2343 ὅ(
432 2295 523 2358 ipse
551 2295 646 2344 acie
673 2297 868 2343 excessit.
907 2293 1172 2356 Quinctius,
1203 2309 1305 2339 cum
1332 2290 1509 2336 institis-

227 2366 289 2414 set
320 2369 605 2429 cedentibus,
637 2383 822 2433 repente
857 2369 962 2432 quia
992 2368 1212 2431 erigentes
1240 2364 1377 2412 hastas
1407 2366 1508 2410 Ma«

227 2442 422 2490 cedonas
453 2443 780 2507 conspexerat,
805 2442 1018 2506 quidnam
1045 2451 1253 2505 pararent
1283 2437 1508 2495 incertus,
