1592 2724
238 166 330 215 394
595 150 1160 197 T1T1L1v11

229 271 371 323 punt:
411 260 488 317 &‚
532 270 751 322 quantum
793 258 911 305 inter
953 258 1091 305 castra
1123 258 1198 305 sua
1233 259 1283 305 &
1321 257 1517 305 hostium

229 334 371 380 aciem
403 333 606 379 relifihim
637 345 728 379 erat
754 332 873 390 loci,
905 333 1083 378 armatis
1111 330 1356 392 complent.
1386 331 1517 377 Dum

227 407 453 468 trepidant
469 407 563 453 acie
584 407 836 452 instruenda
857 443 870 464 ‚
892 405 1081 461 consul,
1105 402 1192 464 jam
1214 402 1375 465 paratis
1396 403 1519 449 ordi-

229 479 425 542 natisque
446 481 680 537 omnibus,
704 479 1034 541 incompositos
1055 477 1318 540 aggreditur.
1345 476 1517 539 equites

228 553 401 616 primos
432 553 487 598 ab
515 564 710 614 utroque
745 569 892 598 cornu
926 552 971 596 in
1004 549 1414 613 pugnam‘educit:
1445 547 1518 594 sed

227 626 271 671 in
297 625 457 670 dextro
477 623 709 685 extemplo
728 622 863 685 pulsi,
887 622 1181 684 cedentesque
1203 620 1365 683 trepidi
1384 619 1519 668 etiam

229 700 367 762 pediti
394 710 617 744 terrorem
650 697 856 743 intulere.
894 698 1037 756 Quod
1066 697 1142 743 ubi
1183 696 1298 743 vidit
1331 695 1517 750 consul,

229 771 337 816 duas
376 769 591 816 cohortes
633 767 822 814 delefilas
859 768 914 813 ab
946 769 1107 813 dextro
1153 768 1289 814 latere
1324 764 1518 813 hostium

227 841 504 890 circumduci
538 839 691 901 jubet,
725 841 774 887 &
793 839 849 886 ab
867 852 996 902 tergo
1020 838 1061 885 se
1083 839 1344 895 ostendere,
1375 836 1520 900 prius-

227 931 363 977 quam
399 923 728 960 concurrerent
765 910 966 973 peditum
993 911 1123 958 acies.
1155 910 1190 956 is
1213 921 1360 956 terror
1387 907 1518 970 obje-

227 989 318 1034 ἕως
344 986 459 1032 hosti
488 1002 580 1032 rem
598 1021 611 1044 ‚
644 997 766 1031 metu
789 986 1105 1030 Romanorum
1142 983 1341 1046 equitum
1374 981 1519 1028 ‘incli-

229 1073 374 1107 natam
401 1096 413 1117 ,
451 1058 662 1123 aequavit.
709 1074 859 1105 tamen
893 1058 1006 1104 adeo
1042 1058 1208 1105 turbati
1251 1068 1376 1102 erant
1409 1054 1520 1101 dex-

180 1182 184 1185 ,
229 1145 335 1180 terae
368 1132 448 1177 alae
488 1131 659 1193 equites
702 1129 987 1194 peditesque,
1017 1141 1068 1175 ut
1106 1128 1320 1192 quosdam
1363 1126 1523 1175 consul

229 1223 365 1254 manu
401 1203 495 1267 ipse
533 1203 904 1266 reprehenderit,
940 1206 989 1250 &
1024 1201 1238 1248 adversos
1271 1200 1318 1246 in
1349 1199 1524 1247 hostem

232 1277 434 1328 verterit.
470 1277 555 1336 ita,
589 1278 638 1324 &
664 1277 882 1340 quamdiu
914 1276 1147 1323 missilibus
1171 1278 1414 1339 pugnatum
1434 1274 1523 1332 est,

231 1368 395 1415 anceps
419 1368 565 1414 pugna
595 1363 719 1397 erat:
760 1350 915 1412 &jam
945 1350 1000 1396 ab
1034 1351 1188 1397 (lextra
1215 1361 1368 1412 parte,
1398 1348 1522 1395 unde

230 1440 376 1474 terror
397 1426 446 1472 &
470 1424 572 1487 suga
595 1437 820 1487 coeperat,
842 1441 956 1488 aegre
976 1425 1209 1470 Romanus
1226 1422 1430 1469 restabat.
1448 1421 1521 1468 Ab

231 1499 409 1546 sinistro
433 1514 579 1545 cornu
604 1500 653 1544 &
681 1497 736 1543 ab
762 1496 913 1544 fronte
936 1496 1211 1559 urgebantur
1242 1492 1442 1552 barbari,
1471 1493 1523 1539 δε

231 1575 446 1622 cohortes
469 1571 524 1618 ab
541 1584 670 1633 tergo
694 1570 905 1617 instantes
925 1569 1079 1632 pavidi
1099 1568 1409 1630 respiciebant.
1435 1568 1523 1624 Ut,

231 1648 393 1696 emiffis
420 1645 660 1693 soliferreis
690 1644 965 1708 falaricisque
985 1679 998 1702 ,
1022 1643 1194 1708 gladios
1221 1641 1522 1698 strinxerunt,

230 1734 325 1769 tum
347 1720 475 1767 velut
501 1718 800 1781 redintegrata
819 1717 879 1763 est
895 1733 1059 1780 pugna.
1092 1733 1186 1762 non
1210 1714 1339 1762 caecis
1358 1713 1519 1759 iffibus

230 1793 394 1858 procul
415 1810 471 1840 ex
493 1790 747 1854 improviso
770 1790 1147 1837 vulnerabantur:
1169 1787 1268 1843 sed,
1287 1785 1398 1850 pede
1421 1784 1521 1833 col-

232 1868 349 1924 lato,
377 1878 474 1912 tota
502 1865 549 1910 in
579 1864 749 1911 virtute
771 1880 823 1910 ac
843 1863 1017 1912 viribus
1044 1861 1138 1924 spes
1162 1871 1268 1908 erat.

307 1942 413 1986 XV.
450 1938 596 1985 Feffos
627 1936 717 1998 jam
751 1937 855 1983 suos
892 1934 1080 1992 consul,
1113 1950 1168 1980 ex
1201 1932 1393 1980 secunda
1426 1931 1522 1979 acie

231 2012 496 2059 subsidiariis
527 2009 795 2058 cohortibus
822 2008 868 2055 in
893 2024 1096 2070 pugnam-
1116 2005 1327 2065 induitis,
1358 2022 1522 2052 accen-

232 2088 309 2134 dit.
347 2103 474 2134 nova
511 2085 628 2133 acies
661 2083 785 2130 fausta.
833 2083 996 2146 integri
1028 2079 1279 2128 recentibus
1321 2080 1420 2126 telis
1453 2078 1524 2126 fa·-

229 2161 393 2224 tigatos
423 2160 572 2207 adorti
606 2157 756 2205 hostes
792 2157 989 2220 primum
1027 2155 1116 2203 acri
1152 2155 1352 2217 impetu,
1393 2152 1525 2200 velut

229 2252 410 2293 cuneo,
447 2234 769 2297 perculerunt:
819 2231 979 2279 deinde
1022 2231 1248 2293 dissipatos
1286 2228 1332 2273 in
1371 2226 1520 2289 fugam

229 2320 517 2355 averterunt:
550 2306 782 2371 effusoque
815 2323 893 2369 per
922 2321 1053 2369 agros
1086 2301 1245 2360 cursu,
1280 2299 1415 2348 castra
1447 2314 1520 2343 re-

229 2381 506 2443 petebantur.
538 2379 629 2427 Ubi
664 2380 818 2426 omnia
852 2377 955 2441 fuga
983 2376 1210 2439 completa
1235 2373 1352 2420 vidit
1374 2371 1519 2426 Cato,

231 2454 321 2517 ipse
354 2455 408 2501 ad
428 2454 677 2515 ‘secundam
702 2453 927 2516 legionem
946 2487 960 2511 ‚
985 2469 1084 2516 quae
1113 2451 1159 2497 in
1188 2445 1380 2495 subsidio
1399 2443 1523 2508 post-
