1592 2724
142 148 208 205 ῃ
499 143 1068 194 T1T1L1V11

144 270 293 299 noram
313 250 539 318 exstitiffit,
558 254 655 319 post
671 256 859 300 duorum-
873 257 1162 316 imperatorum
1184 259 1438 318 duorumque

146 329 396 374 exercituum
415 329 624 393 stragem,
635 329 724 389 sua
755 330 902 376 virtute
928 329 1137 388 desenfiefn
1164 349 1312 376 nomen
1339 333 1435 376 Ro-

146 420 317 447 manum
335 421 386 448 ae
400 418 551 448 retenta
562 407 788 464 provincia
805 401 893 466 effet
906 422 922 449 .·
942 406 1253 464 Illittlrgitanos
1263 420 1436 464 paenarn

145 492 269 519 noxae
304 478 490 520 meritam
527 478 702 531 habere;
733 477 832 537 suis
870 475 965 521 νεὲἵε
987 475 1122 534 [αεῗίς
1149 478 1329 538 gratiam
1363 477 1437 536 qui

147 549 369 608 exsolvat,
397 566 487 595 non,
517 547 602 611 effe.
632 551 757 594 Talia
787 566 989 610 querentes
1012 567 1125 610 aequa
1157 568 1293 605 orare,
1309 549 1436 609 seque

145 639 195 666 ea
224 624 423 666 relaturos
457 624 519 666 aa'
555 624 865 682 imperatorem,
896 621 1239 685 respondebant.
1273 625 1434 679 laetari,

148 696 262 754 quod
280 695 394 739 nilzil
421 695 600 759 tristius,
627 714 699 742 nec
725 697 1009 757 insanabilius
1039 695 1162 759 efflet:
1191 694 1234 742 G·
1263 698 1316 741 P.
1337 698 1434 740 Sci·-

140 771 311 829 pionem
334 770 477 815 Dezitn
500 771 748 832 benignitate
763 806 776 828 ,
799 769 842 817 δ’
870 774 1182 832 rempublicam,
1209 767 1278 834 effe
1293 772 1438 831 gratiae

148 840 372 898 reftrendae.
393 840 653 904 Scipionem
677 842 805 889 bellis
835 843 1069 901 assuetum,
1089 843 1144 889 ad
1163 841 1440 888 seditionum

150 911 374 975 procellas
410 914 594 972 rudem,
637 913 880 962 sollicitum
914 915 1105 962 habebat
1143 931 1242 973 res,
1275 931 1330 961 ne
1362 922 1439 960 aut

149 985 370 1032 exercitus
388 982 620 1049 peccando
635 1023 648 1044 ‚
667 1000 742 1034 aut
761 987 852 1051 ipse
874 988 1131 1050 puniendo,
1152 987 1337 1034 modum
1358 1003 1439 1032 ex-

150 1060 342 1106 cederet.
375 1060 421 1106 in
445 1061 706 1123 praesentia,
730 1074 780 1108 ut
801 1061 1023 1123 coepisset,
1053 1060 1213 1108 leniter
1241 1059 1313 1124 agi
1340 1058 1440 1121 pla-

150 1130 243 1176 cuit
258 1166 269 1187 ‚
291 1133 366 1188 δε,
387 1131 521 1179 miffis
549 1133 670 1180 circa
699 1131 1002 1196 stipendiarias
1027 1132 1234 1179 civitates
1256 1131 1441 1178 exaEto-

150 1203 271 1249 ribus
289 1240 302 1261 ‚
322 1203 530 1266 stipendii
557 1205 678 1268 spem
710 1205 1012 1268 propinquam
1043 1204 1201 1251 facere.
1234 1203 1440 1250 Ediffixm

151 1274 337 1322 subinde
375 1277 688 1339 propositum,
722 1290 772 1324 ut
805 1278 861 1323 ad
892 1276 1173 1340 stipendium
1195 1271 1439 1339 petendum

151 1348 454 1395 convenisent
482 1349 825 1413 Carthaginem,
843 1348 918 1396 seu
956 1351 1143 1413 carptim
1171 1362 1344 1413 partes,
1364 1349 1440 1395 seu

149 1421 348 1468 universi
375 1422 572 1469 mallent.
602 1423 914 1486 Tranquillam
937 1422 1201 1470 seditionem
1217 1459 1230 1481 ‚
1248 1422 1335 1484 jam
1361 1437 1444 1484 per

150 1492 194 1539 se
211 1493 592 1557 languescentem,
613 1495 845 1558 repentina
868 1496 995 1559 quies
1020 1494 1335 1542 rebellantium
1356 1493 1443 1539 Hi-'

155 1564 397 1628 spanorum
430 1566 551 1615 fecit.
583 1568 805 1616 redierant
825 1569 946 1615 enim
970 1568 1016 1615 in
1035 1567 1171 1627 fines,
1191 1561 1352 1614 oinifl'o
1376 1567 1444 1612 in-

154 1653 317 1701 cepto,
352 1640 626 1687 Mandonius
657 1642 707 1688 &
745 1640 971 1699 Indibilis,
1009 1640 1247 1704 postquam
1280 1638 1443 1686 vivere

154 1711 414 1774 Scipionem
434 1711 615 1760 allatum
642 1712 714 1773 est.
751 1729 832 1759 nec
861 1712 949 1773 jam
969 1724 1064 1759 erat
1087 1723 1164 1758 aut
1195 1711 1336 1768 civis,
1366 1721 1445 1756 aut

157 1795 400 1841 externus,
438 1801 540 1831 cum
574 1801 670 1846 quo
708 1782 909 1829 furorem
949 1782 1074 1830 suum
1112 1781 1444 1830 consociarent.

157 1856 326 1902 Omnia
347 1855 760 1918 circumspeRantes
782 1855 967 1902 confilia
984 1854 1096 1900 nihil
1122 1853 1283 1916 reliqui
1305 1853 1446 1898 habe-

158 1928 295 1986 bant,
328 1941 489 1992 praeter
515 1945 609 1975 non
640 1928 898 1975 tutiffimum
927 1945 952 1974 a
985 1927 1112 1973 malis
1144 1925 1342 1973 consiliis
1373 1941 1447 1971 re-

161 2013 367 2064 ceptum,
397 2013 445 2048 ut
475 2000 759 2063 imperatoris
780 1999 853 2046 vel
875 1998 996 2060 justae
1017 1999 1119 2057 irae,
1148 1998 1223 2046 vel
1244 2014 1339 2043 non
1366 1997 1446 2043 de-

163 2075 387 2139 sperandae
416 2075 664 2123 clementiae
693 2071 780 2120 sese
810 2072 1159 2119 committerent.
1198 2073 1331 2119 etiam
1362 2070 1445 2116 ho-

161 2141 299 2195 stibus
325 2165 426 2195 eum
453 2146 697 2211 ignoviffe,
718 2161 818 2192 cum
850 2144 1014 2208 quibus
1039 2143 1160 2189 ferro
1187 2141 1445 2189 dimicasset.

162 2219 295 2265 Suam
324 2218 584 2265 seditionem
608 2219 698 2266 fine
711 2217 930 2274 „vulnere,
951 2217 1041 2264 fine
1063 2215 1272 2280 sanguine
1289 2213 1413 2260 fuiffe
1433 2231 1446 2260 :

164 2308 248 2337 nec
274 2290 408 2353 ipsam
437 2303 665 2349 atrocem,
699 2307 782 2337 nec
817 2290 960 2337 atroci
986 2307 1124 2352 poena
1157 2290 1367 2352 dignam:
1397 2297 1448 2332 ut

161 2363 343 2426 ingenia
383 2364 574 2411 humana
618 2363 717 2410 sunt
757 2363 812 2409 ad
849 2362 967 2409 suam
1014 2362 1176 2425 cuique
1210 2359 1447 2406 levandam

165 2438 348 2500 culpam
382 2437 527 2486 nimio
564 2438 664 2502 plus
699 2436 909 2486 facunda.
953 2436 1033 2483 Illa
1071 2433 1292 2484 dubitatio
1328 2444 1449 2493 erat,
