1592 2724
174 169 260 218 128
535 167 1101 218 TITILIVII

165 274 299 322 etiam
330 272 462 321 armis
496 286 711 321 certatum
736 275 906 333 fuerat,
941 288 1155 341 tanquam
1174 276 1292 324 haud
1314 275 1448 324 dubie

161 344 274 408 juris
294 344 357 391 sui
371 381 386 404 ,
405 345 544 392 castra
568 345 703 393 locet.
737 350 787 392 Si
805 350 895 407 quis
914 362 1048 393 arceat
1061 382 1075 405 9
1105 350 1153 393 id
1166 351 1277 408 quod
1301 351 1447 392 maxi·-

162 437 225 464 me
255 437 357 479 opus
372 417 461 483 stt,
498 420 584 464 acie
615 421 906 464 dimicaturum
925 436 940 463 .·
961 420 1036 483 fin
1059 439 1136 480 per
1165 435 1314 465 metum
1343 438 1444 481 agro

158 495 354 551 cedatur,
385 495 431 538 in
463 496 642 538 medium
673 510 839 554 regnum.
865 498 1057 540 eundum.
1099 510 1173 540 aut
1190 494 1286 557 sine
1314 511 1443 540 certa-

159 569 269 612 mine
300 584 416 611 conce
452 583 548 611 uros
580 569 627 611 in
655 568 852 611 ditionem
879 567 967 623 ejus
999 566 1207 630 Maſjylos
1225 601 1240 624 ‚
1271 583 1346 612 aut
1373 586 1442 612 tze-

157 658 364 701 quaquam
389 658 513 700 pares
529 639 702 699 ficturos
730 643 871 686 armis.
903 640 984 686 His
1005 640 1200 687 vocibus
1230 639 1442 687 incitatus

157 712 341 775 Syphax
364 711 595 757 Mafiniffae
618 711 783 757 bellum
805 711 968 768 infert,
990 713 1040 759 &
1061 712 1209 774 primo
1233 712 1442 758 certami-

155 800 212 829 ne
239 782 456 846 Massylos
481 782 631 829 fundit
650 783 873 847 fugatque.
907 784 1126 830 Masinissa
1155 801 1258 831 cum
1289 784 1442 846 paucis

154 854 379 918 equitibus
402 871 458 901 ex
485 855 580 902 acie
608 855 656 901 in
681 870 885 902 montem
918 855 1138 920 (Bal-bum
1169 857 1334 903 incolae
1355 873 1439 904 vo-

154 928 291 986 cant)
325 924 534 989 perfugit.
565 925 746 972 familiae
767 927 942 990 aliquot
965 944 1067 974 cum
1093 927 1341 989 mapalibus
1362 945 1438 990 pe-

153 998 421 1062 coribusque
441 998 526 1046 suis
547 998 629 1063 (ea
647 999 841 1062 pecunia
864 999 951 1046 illis
972 999 1067 1063 est)
1087 999 1306 1062 persecuti
1338 1000 1437 1047 sunt

152 1087 303 1134 regem
326 1088 336 1116 :
359 1083 505 1117 cetera
531 1070 831 1135 Maffylorum
865 1070 1109 1117 multitudo
1138 1071 1185 1116 in
1217 1070 1437 1117 ditionem

151 1143 369 1207 Syphacis
391 1143 618 1190 conceffit.
637 1146 786 1204 Quem
806 1157 1016 1206 ceperant
1033 1143 1203 1190 exsules
1216 1156 1437 1200 montem,

150 1214 363 1261 herbidus
401 1213 683 1278 aquosusque
718 1213 807 1270 est;
844 1217 922 1273 &‚
957 1215 1060 1277 quia
1096 1215 1252 1277 pecori
1286 1216 1436 1262 bonus

150 1289 314 1337 alendo
346 1301 467 1346 erat,
496 1288 732 1335 hominum
752 1305 963 1351 quoque,
984 1305 1116 1335 carne
1138 1306 1189 1335 ac
1216 1289 1324 1335 lacte
1355 1305 1437 1336 ve-

149 1362 392 1421 scentium,
412 1361 590 1408 abunde
611 1360 852 1407 sufficiebat
870 1359 1103 1407 alimentis,
1124 1360 1231 1407 Inde
1252 1361 1434 1407 noctur-

150 1434 220 1481 nis
247 1433 397 1496 primo
418 1449 468 1480 ac
497 1431 678 1480 furtivis
705 1431 1034 1479 incursionibus
1051 1468 1065 1491 9
1084 1433 1244 1480 deinde
1273 1448 1432 1497 aperto

148 1507 424 1566 latrocinio,
455 1506 612 1554 infesta
645 1508 799 1555 omnia
832 1507 950 1555 circa
986 1507 1101 1554 effe:
1133 1508 1328 1554 maxime
1360 1508 1432 1554 uri

147 1579 523 1644 Carthaginienfis
541 1596 662 1643 ager,
675 1579 781 1643 quia
795 1581 844 1628 δε
859 1579 957 1642 plus
971 1580 1152 1642 praedae,
1168 1598 1300 1644 quam
1316 1581 1438 1627 inter-

148 1652 390 1712 Nuffidas,
419 1654 468 1701 &
495 1652 785 1700 latrocinium
812 1653 947 1699 tutius
972 1666 1076 1700 erat.
1110 1652 1289 1717 jamque
1316 1654 1431 1700 adeo

146 1724 336 1771 licenter
368 1724 635 1783 eludebant,
662 1738 713 1772 ut
741 1725 796 1772 ad
822 1742 943 1773 mare
970 1725 1198 1772 devectam
1234 1727 1431 1788 praedam

146 1798 402 1845 venderent
421 1798 746 1846 mercatoribus
761 1835 773 1858 ‚
799 1798 1124 1862 appellentibus
1152 1815 1288 1846 naves
1309 1799 1363 1845 ad
1383 1794 1430 1845 iel

146 1869 317 1931 ipsuum
340 1870 572 1933 pluresque
589 1906 602 1927 ,
623 1887 755 1934 quam
782 1871 898 1934 justo
925 1870 1039 1933 saepe
1068 1870 1114 1916 in
1140 1870 1260 1917 bello
1277 1906 1290 1928 ‚
1315 1871 1429 1918 Car-

146 1941 488 2004 thaginienfium
505 1943 716 1990 caderent
733 1954 1101 2005 caperenturque.
1118 1943 1430 2004 Deplorabant
1490 1999 1492 2001 ‚

144 2031 197 2062 ea
218 2014 337 2077 apud
355 2015 607 2078 Syphacem
623 2014 1031 2078 Carthaginienses,
1048 2014 1358 2079 infensumque
1377 2018 1428 2065 &

145 2086 289 2150 ipsum
318 2087 373 2132 ad
405 2087 612 2150 reliquias
645 2087 752 2133 belli
788 2086 1107 2150 persequendas
1146 2088 1428 2152 instigabant.

145 2159 222 2206 sed
241 2158 320 2206 vix
335 2158 508 2222 regium
526 2159 788 2219 videbatur,
805 2160 1028 2209 latronem
1046 2179 1210 2227 vagum
1227 2163 1276 2210 in
1294 2180 1426 2216 mom

144 2232 264 2280 tibus
290 2232 549 2282 consectari.

211 2307 406 2353 XXXII.
440 2307 669 2366 Bocchar‚
689 2323 746 2355 ex
774 2307 992 2371 praefeftis
1010 2309 1141 2374 regiis
1160 2309 1232 2358 vir
1250 2325 1352 2356 acer
1374 2311 1426 2358 δέ

143 2377 362 2444 impiger,
379 2382 432 2427 ad
448 2381 492 2427 id
513 2382 717 2430 delectus.
751 2383 792 2429 ei
813 2385 911 2431 data
933 2397 1127 2448 quatuor
1144 2385 1280 2431 millia
1299 2385 1426 2448 pedi-

145 2464 239 2500 tum
256 2488 270 2513 ,
292 2455 385 2503 duo
410 2455 641 2520 equitum:
662 2458 1044 2524 praemiorumque
1070 2458 1319 2525 ingentium
1350 2458 1424 2523 spe
