1592 2724
249 185 790 236 HxsTORIARUM
837 184 967 232 LIB.
1001 184 1221 233 XXXIV.
1309 182 1404 245 381*

113 298 335 360 Syracufis
352 298 473 342 illata
485 295 592 355 sunt
610 295 702 338 lzuic
722 295 825 338 urbi.
835 292 932 351 jam
951 295 1079 338 nimis
1102 296 1253 338 multos
1271 294 1402 337 audio

117 370 311 414 Corinthi
333 365 375 413 G*
391 368 651 412 Athenarum
673 379 916 410 ornamenta
940 368 1159 411 laudantes
1181 365 1402 424 mirantes-

111 459 211 501 que,
244 438 286 485 δ’
305 440 491 498 antefixa
513 437 664 498 ficlilia
686 439 878 482 Deorum
905 437 1193 482 Romanorum
1216 440 1402 485 ridentes.

113 516 212 575 Ego
231 514 306 557 hos
322 516 434 558 malo
444 513 650 572 propitios
664 511 786 555 Deos
795 528 813 566 ;
834 507 876 555 δ’
895 512 956 556 ita
963 511 1281 570 sperofuturos,
1288 512 1337 573 fi
1352 515 1399 558 in

103 585 207 646 suis
225 602 386 629 manere
390 584 562 644 sedibus
574 585 794 642 patiemur.
820 585 994 629 Patrum
1010 583 1236 648 nostrorum
1252 602 1404 630 memo·

116 658 182 702 ria
198 675 272 715 per
294 660 470 716 legatum
493 657 660 700 Cineam
685 653 874 713 Pyrrhus
893 689 908 710 ,
940 672 1026 699 non
1043 657 1220 700 virorum
1250 657 1403 714 modo,

108 729 194 791 fid
213 732 335 775 etiam
354 731 569 774 mulierum
594 730 761 772 animos
783 729 906 773 donis
923 730 1108 773 tentavit.
1127 731 1313 774 nondum
1331 731 1401 776 lex

121 803 269 863 Oppia
298 804 359 848 ad
386 804 643 847 coercendam
675 803 888 846 luxuriam
916 803 1144 846 muliebrem
1174 805 1263 847 lata
1290 819 1402 849 erat:

78 920 82 924 ,
114 889 255 920 tamen
274 880 394 920 nulla
414 876 578 934 accepit.
604 875 747 935 Quam
767 874 935 935 causam
946 872 1073 939 fuiffe
1092 876 1289 936 censetis?
1308 879 1402 922 Ea-

116 951 209 993 dem
215 948 327 1006 fuit,
343 965 428 1007 quae
448 946 680 1004 majoribus
698 948 844 1013 nostris
860 949 973 992 nihil
988 951 1036 992 de
1056 950 1133 993 lzac
1148 968 1185 994 re
1203 953 1283 1010 lege
1288 951 1402 1010 san-

114 1022 267 1065 ciendi.
299 1024 420 1064 nulla
447 1036 534 1065 erat
556 1021 753 1076 luxuria,
788 1037 874 1079 quae
897 1037 1142 1066 coerceretur.
1168 1024 1287 1067 Sicut
1307 1038 1400 1068 ante

116 1094 283 1136 morbos
300 1089 442 1153 neceffi}
459 1091 511 1155 est
526 1093 711 1152 cognitos
729 1088 819 1153 ff,
838 1109 961 1151 quam
980 1095 1154 1138 remedia
1169 1112 1302 1139 eorum
1312 1094 1402 1158 ;sic

114 1165 364 1223 cupiditates
381 1165 500 1223 prius
527 1179 634 1207 natce
649 1163 780 1221 sunt,
806 1181 928 1223 quam
957 1167 1084 1225 leges,
1113 1184 1196 1225 quae
1225 1168 1279 1211 iis
1309 1184 1403 1211 mo-

116 1238 218 1280 dum
238 1235 439 1294 facerent.
476 1236 598 1296 Quid
614 1238 736 1296 legem
755 1237 963 1281 Liciniam
986 1239 1187 1284 excitavit
1206 1242 1252 1283 de
1274 1242 1400 1298 quin-

114 1309 250 1369 gentis
266 1307 499 1368 jugerffius,
516 1307 602 1370 nisi
616 1311 760 1366 ingens
781 1311 928 1366 cupido
949 1324 1070 1369 agros
1086 1307 1399 1351 continuandi?

117 1381 243 1442 Quid
266 1384 389 1441 legem
415 1382 603 1425 Cinciam
628 1383 677 1425 de
702 1383 826 1426 donis
855 1379 898 1426 δ’
916 1382 1176 1437 muneribus,
1198 1380 1285 1444 nisi
1300 1382 1399 1440 quia

114 1456 325 1517 veHigalis
337 1456 430 1510 jam
447 1453 769 1518 &stipendiaria
781 1457 917 1515 plebes
934 1452 1003 1516 effi
1010 1455 1180 1514 senatui
1195 1454 1399 1513 coeperat?

114 1530 262 1588 Itaque
288 1530 457 1572 minime
483 1531 631 1572 mirum
652 1528 705 1590 ‹st
717 1562 730 1583 ‚
755 1546 826 1573 nec
852 1530 1063 1588 Oppiam,
1090 1545 1160 1572 nec
1181 1530 1310 1571 aliam
1330 1528 1401 1570 ul-

115 1604 202 1646 lam
230 1616 319 1646 tum
341 1604 462 1661 legem
493 1601 759 1665 desideratam
779 1598 877 1663 effe,
900 1619 985 1661 quae
1004 1603 1170 1645 modum
1185 1601 1399 1659 sumtibus

115 1676 330 1718 mulierum
356 1673 542 1731 faceret,
575 1691 666 1718 cum
702 1691 848 1719 aurum
887 1671 931 1719 δ’
957 1692 1189 1735 purpuram
1221 1677 1323 1719 data
1354 1670 1399 1718 δ’

118 1748 261 1791 oblata
289 1750 396 1791 ultro
424 1765 509 1791 non
536 1748 802 1806 accipiebant.
829 1749 880 1792 Si
904 1765 1014 1792 nunc
1039 1765 1129 1793 cum
1162 1747 1251 1792 illis
1274 1748 1399 1791 donis

119 1820 268 1863 Cineas
289 1820 422 1863 urbem
443 1821 669 1863 circumiret
684 1835 703 1872 ;
720 1818 882 1883 slantes
907 1821 952 1863 in
973 1820 1142 1880 publico
1166 1815 1399 1881 inveniffit‚

116 1910 204 1951 quae
222 1895 456 1952 acciperent.
485 1896 622 1953 Atque
639 1913 709 1956 ego
737 1897 1032 1939 nonnullarum
1057 1896 1330 1953 cupiditatum
1351 1910 1400 1937 ne

117 1968 285 2026 causam
320 1969 480 2027 quidem
516 1986 589 2014 aut
615 1973 812 2015 rationem
844 1972 946 2016 inire
968 1968 1145 2033 poffitm.
1189 1987 1287 2014 nam
1321 1986 1398 2028 ut,

117 2042 231 2099 quod
250 2043 330 2085 alii
354 2043 498 2097 liceat,
523 2044 600 2087 tibi
628 2062 712 2088 non
741 2047 879 2097 licere,
902 2045 1066 2103 aliquid
1076 2039 1250 2104 fhrtaffi
1270 2058 1399 2086 natu-

117 2116 221 2158 ralis
240 2130 313 2158 aut
336 2117 511 2174 pudoris
532 2131 604 2159 aut
627 2119 934 2177 indignationis
955 2119 1124 2170 lzabeat3
1139 2115 1221 2177 sic,
1243 2131 1399 2175 aquato

116 2187 301 2229 omnium
321 2188 430 2229 cultu
445 2220 458 2239 ‚
476 2189 579 2245 quid
605 2204 853 2248 unaquceque
880 2189 1047 2254 vestrum
1076 2203 1230 2232 veretur
1244 2221 1257 2242 ‚
1278 2205 1326 2231 ne
1354 2190 1400 2230 in

104 2255 155 2313 fi
176 2256 486 2315 conspiciatur?
507 2256 705 2319 Peffi'mus
725 2262 883 2318 quidem
894 2263 1035 2318 pudor
1048 2261 1102 2325 est
1118 2258 1401 2321 velparsimo-

114 2331 222 2384 nice,
256 2332 321 2373 vel
340 2333 602 2388 paupertatis
622 2349 638 2375 .·
660 2331 743 2389 sed
766 2347 978 2392 utrumque
1009 2336 1080 2377 lex
1105 2334 1223 2377 vohis
1248 2332 1400 2386 demit,

116 2418 206 2443 cum
243 2403 291 2445 id
303 2436 316 2455 ,
347 2404 456 2460 quod
485 2404 624 2448 habere
658 2421 743 2448 non
771 2405 892 2459 licet,
925 2423 1008 2449 non
1039 2406 1208 2449 lz‘abetis.
1242 2405 1399 2459 Hanc,

114 2472 271 2533 inquit,
304 2473 437 2533 ipsam
474 2475 795 2535 exaquationem
833 2493 919 2522 non
937 2475 1058 2535 fero,
1094 2477 1170 2522 illa
1201 2479 1396 2536 locuples.
