1592 2724
331 167 878 217 HISTORIARUM
911 139 1039 218 miz.
1074 172 1252 219 xxix.
1341 188 1425 236 123

147 277 352 337 audisset,
379 284 523 328 Placet
541 300 688 335 omen,
714 277 889 341 inquit3
913 282 990 325 huc
1016 282 1178 341 dirigite
1196 298 1335 326 naves.
1363 282 1433 326 Eo

146 353 290 400 claffis
322 354 543 400 decurrit:
579 352 725 414 copiae
760 368 917 397 omnes
945 351 994 396 in
1028 361 1189 396 terram
1217 351 1434 413 expositae

147 425 263 472 sunt.
291 425 553 487 prosperam
591 423 930 486 navigationem
966 422 1056 469 fine
1085 436 1254 469 terrore
1280 440 1330 470 ac
1358 436 1432 469 tu-

147 490 293 547 multu
325 499 483 556 fuiffe‚
517 497 748 561 permultis
779 497 952 545 Graecis
984 496 1240 560 Latinisque
1273 498 1433 543 aneio-

146 576 270 621 ribus
290 575 482 622 credidi:
516 572 691 620 Coelius
710 589 824 618 unus
838 608 851 629 ‚
870 584 1168 636 praeterquam
1189 571 1317 635 quod
1335 587 1433 618 non

146 647 310 693 mersas
327 646 532 692 fluetibus
550 661 690 693 naves
704 680 718 702 ,
748 657 922 692 ceteros
940 660 1098 691 omnes
1116 642 1316 691 coelestes
1334 661 1434 689 ma·-

147 718 413 781 ritimosque
438 732 656 776 terrores,
679 717 908 780 postremo
930 716 1156 779 abreptam
1174 714 1434 777 tempestate

147 792 204 839 ab
226 791 381 839 Africa
399 792 575 839 claffem
595 791 650 837 ad
669 790 855 837 insulam
873 791 1171 854 AEgimurum,
1193 788 1296 835 inde
1316 804 1436 852 aegre

148 865 405 911 correffilm
445 864 617 911 cursum
639 899 653 922 ,
690 864 911 926 exponit:
950 865 1031 922 δε,
1069 879 1214 925 prope
1259 861 1435 909 obrutis

147 935 372 994 navibus,
406 936 569 998 injussu
598 935 911 998 imperatoris,
943 934 1142 998 scaphis,
1173 933 1291 980 haud
1311 932 1435 979 secus

148 1027 284 1074 quam
307 1011 545 1075 naufragos
562 1046 574 1069 ‚
595 1011 758 1058 milites
786 1012 876 1058 fine
897 1011 1027 1059 armis
1050 1028 1151 1059 cum
1171 1009 1342 1072 ingenti
1363 1020 1434 1055 tu·

151 1083 296 1129 multu
326 1084 372 1129 in
403 1096 565 1130 terram
597 1083 790 1131 evafiffe.

232 1157 447 1203 XXVIH.
488 1157 715 1219 Expositis
756 1156 933 1219 copiis,
980 1155 1177 1202 Romani
1212 1153 1349 1202 castra
1385 1153 1435 1199 in

149 1228 372 1290 proximis
399 1230 584 1276 tumulis
612 1238 847 1277 metantur.
878 1231 971 1275 Jarn
993 1246 1085 1275 non
1108 1229 1155 1274 in
1184 1227 1435 1274 maritimos

148 1300 293 1346 modo
326 1318 457 1364 agros
477 1338 490 1359 ‚
520 1302 761 1365 conspeffil
790 1302 984 1364 primum
1016 1301 1155 1351 claffis
1175 1336 1190 1358 ,
1220 1299 1323 1346 dein
1363 1310 1435 1345 tu-

149 1374 297 1420 multu
337 1376 662 1438 egredientium
699 1377 745 1422 in
782 1388 971 1433 terram,
1007 1391 1157 1438 pavor
1199 1386 1435 1435 terrorque

149 1461 443 1509 pervenerat,
481 1449 553 1496 sed
590 1449 637 1494 in
668 1448 781 1512 ipsas
815 1449 960 1496 urbes.
1013 1465 1160 1510 neque
1192 1447 1312 1493 enim
1347 1446 1435 1490 ho-

149 1520 321 1566 minum
343 1523 485 1569 modo
505 1523 634 1568 turba
648 1558 661 1579 ‚
683 1521 920 1569 mulierum
947 1536 1279 1584 puerorumque
1300 1517 1437 1580 agmi-

151 1593 282 1640 nibus
317 1594 522 1642 immixta
542 1632 556 1654 s
587 1612 745 1642 omnes
778 1595 933 1656 passim
965 1593 1276 1655 compleverat
1308 1590 1436 1645 vias,

153 1667 226 1714 sed
250 1686 416 1731 pecora
442 1686 625 1733 quoque
648 1687 738 1731 proe
760 1668 802 1715 se
831 1667 1016 1731 agrestes
1042 1667 1257 1727 agebaut;
1293 1676 1341 1710 ut
1369 1681 1437 1710 re-

151 1739 295 1801 linqui
328 1740 477 1787 !fubito
510 1741 711 1788 Africam
744 1739 928 1786 diceres,
967 1738 1166 1784 Urbibus
1193 1753 1307 1784 vero
1335 1735 1460 1798 :lpfis

149 1810 396 1871 majorem,
425 1830 559 1876 quam
593 1830 727 1876 quem
758 1811 906 1858 secum
927 1811 1203 1870 attulerant,-
1220 1823 1438 1859 terrorem

151 1883 416 1932 inferebant.
467 1885 695 1948 praecipue
728 1884 1011 1947 Carthaginis
1043 1901 1185 1946 prope
1216 1896 1265 1930 ut
1295 1899 1437 1947 captae

152 1958 369 2005 tumultus
402 1959 501 2006 fuit.
541 1961 658 2006 Nam
694 1957 794 2021 pest
823 1960 888 2005 M.
918 1957 1104 2004 Atilium
1137 1958 1354 2020 Reguhlrn
1390 1960 1439 2006 ὃς

151 2031 203 2079 L.
232 2030 454 2076 Manlium
486 2030 723 2088 consules,
753 2029 881 2076 annis
914 2046 1060 2092 prope
1087 2030 1438 2093 quinquaginta,
1500 2033 1501 2036 ’

152 2100 330 2149 nullum
352 2103 609 2149 Romanum
630 2101 879 2149 exercitum
896 2102 1126 2160 viderant,
1148 2115 1309 2166 praeter
1327 2120 1439 2165 prae-

152 2174 350 2221 datorias
381 2173 531 2221 claffes
549 2210 564 2232 ‚
594 2175 758 2237 quibus
779 2175 1087 2224 exscenfiones
1116 2175 1162 2223 in
1193 2192 1324 2239 agros
1347 2193 1438 2221 ma-

152 2245 333 2293 ritimos
353 2245 478 2293 faites
504 2259 658 2293 erant:
689 2247 911 2311 raptisque
927 2284 941 2307 ‚
966 2265 1067 2312 quae
1097 2248 1237 2297 obvia
1256 2248 1350 2295 fors
1375 2247 1439 2293 fe-

156 2331 306 2378 cerat,
331 2320 451 2382 prius
473 2320 700 2367 recursum
738 2321 908 2385 semper
934 2322 989 2370 ad
1017 2338 1179 2380 naves,
1200 2337 1330 2384 quam
1351 2320 1444 2367 cla-

156 2408 260 2439 mor
291 2393 478 2456 agrestes
505 2393 741 2452 conciret,
767 2394 922 2442 fuerat.
958 2412 1016 2442 eo
1043 2394 1190 2457 major
1217 2405 1313 2440 tum
1339 2392 1442 2457 fuga

157 2481 398 2531 pavorque
429 2466 477 2513 in
508 2467 619 2513 urbe
653 2467 750 2515 fuit.
787 2470 871 2529 Et,
893 2468 1114 2528 Hercule,
1148 2483 1292 2532 neque
1311 2483 1442 2515 exer-
