1592 2724
344 166 893 216 HISTORIARUM
928 165 1056 211 LIB.
1093 163 1248 210 XXX.
1345 179 1427 226 191

150 276 278 325 omni
299 293 457 341 genere
481 285 783 330 commeatus,
806 272 861 318 ad
882 272 1059 318 Uticam
1081 270 1312 317 acceffiffe.
1340 269 1436 315 Ad-

151 351 434 397 movendum
468 349 602 413 igitur
622 347 821 409 undique
851 358 1070 390 terrorem
1092 342 1436 405 perculsae'Car-

151 424 322 488 thagini
352 435 504 479 ratus,
538 420 666 467 miffo
700 419 840 465 Laelio
871 418 1062 463 Romam
1098 433 1199 463 cum
1233 414 1437 461 vicloriae

151 497 344 555 nuntio,
376 498 464 542 Cn.
485 492 728 540 Octavium
758 488 950 537 terrestri
988 487 1148 534 itinere
1179 488 1340 533 ducere
1374 486 1439 532 le-

152 572 311 635 giones
347 567 661 631 Carthaginem
694 565 842 628 jubet:
873 562 964 626 ipse
998 562 1054 608 ad
1082 561 1202 607 suam
1236 572 1438 608 veterem

153 661 279 690 nova
311 642 490 690 Lentuli
525 640 653 688 claffe
687 638 920 699 adjuncta,
954 635 1182 698 profectus
1215 634 1271 679 ab
1302 632 1438 679 Utica

151 728 334 780 portum
351 713 632 777 Carthaginis
651 712 776 774 petit.
814 711 940 756 Haud
960 707 1120 770 procul
1141 706 1311 763 aberat,
1337 721 1440 752 cum

157 789 306 836 velata
332 787 485 834 infulis
508 785 729 849 ramisque
756 784 870 830 oleae
896 778 1329 842 Carthaginiensium
1362 794 1444 823 o-c-

154 863 292 910 currit
331 861 470 909 navis.
500 861 673 907 Decem
702 859 832 922 legati
863 867 988 903 erant
1021 853 1248 916 principes
1280 851 1445 898 civita-

154 936 237 994 tis,
269 936 449 981 au&ore
478 932 730 979 Hannibale
766 930 876 977 missi
913 929 969 976 ad
1000 927 1233 990 petendam
1270 941 1441 986 pacem,

154 1007 236 1071 qui
269 1023 370 1054 cum
406 1005 460 1051 ad
492 1003 678 1066 puppim
722 999 946 1064 praetoriae
983 998 1110 1045 navis
1141 996 1443 1054 acceffiss'ent,

155 1079 410 1125 velamenta
432 1077 682 1139 supplicum
710 1073 990 1137 porrigentes
1006 1107 1018 1128 ,
1043 1083 1219 1117 orantes
1239 1105 1252 1125 ‚
1274 1069 1444 1131 implo-

154 1150 387 1213 rantesque
420 1149 550 1194 fidem
581 1150 628 1195 &
656 1145 1008 1193 misericordiam
1040 1141 1301 1204 Scipioni53
1338 1140 1444 1185 nul-

157 1225 248 1271 lum
268 1224 319 1270 iis
339 1222 460 1269 aliud
490 1220 752 1284 responsum
774 1220 922 1265 datum
939 1253 952 1275 ‚
984 1233 1118 1279 quam
1151 1229 1199 1260 ut
1218 1215 1445 1261 Tunetem

156 1298 398 1345 venirent:
435 1289 491 1343 eo
517 1296 558 1342 se
578 1308 809 1342 moturum
833 1293 980 1340 castra.
1016 1290 1107 1352 ipse
1143 1290 1197 1335 ab
1232 1303 1443 1337 contem-

158 1369 283 1432 plato
313 1369 395 1414 situ
417 1367 701 1430 Carthaginis
723 1403 736 1423 ‚
771 1382 866 1412 non
895 1378 984 1411 tam
1018 1363 1232 1409 noscendi
1261 1362 1305 1407 in
1328 1379 1446 1423 prze-

157 1442 320 1497 sentia,
341 1458 474 1504 quam
497 1439 774 1502 deprimendi
792 1437 929 1484 hostis
957 1435 1084 1482 causa
1103 1470 1114 1490 ‚
1134 1434 1339 1487 Uticam,
1363 1449 1447 1478 eo-

159 1516 261 1559 dem
289 1516 338 1560 &
365 1513 558 1559 Octavio
590 1525 838 1567 revocato,
872 1509 1017 1555 rediit.
1063 1508 1166 1554 Inde
1199 1507 1448 1568 proceden-

159 1586 278 1632 tibus
302 1586 356 1632 ad
375 1588 600 1633 Tunetem
628 1582 810 1628 nuntius
842 1580 996 1626 allatus
1013 1616 1025 1637 ,
1048 1577 1309 1624 Verminam
1327 1614 1341 1633 ,
1362 1579 1448 1640 ὅγ-

159 1661 312 1722 phacis
338 1659 508 1717 filium,
544 1676 645 1705 cum
678 1656 903 1719 equitibus
936 1653 1169 1717 pluribus,
1204 1669 1336 1714 quam
1369 1667 1449 1713 pe-

161 1730 353 1786 ditibus,
369 1731 525 1778 venire
542 1727 984 1791 Carthaginiensibus
999 1725 1183 1772 auxilio.
1206 1740 1305 1785 pars
1323 1740 1450 1769 exer-

162 1803 278 1850 citus
300 1820 401 1849 cum
420 1803 545 1849 omni
567 1803 768 1865 equitatu
789 1799 1094 1847 Saturnalibus
1115 1797 1268 1860 primis
1289 1815 1447 1860 agmen

155 1873 353 1937 ‘aggressa
369 1909 382 1932 ‚
416 1874 633 1920 Numidas
659 1874 746 1920 levi
769 1872 1008 1920 certamine
1026 1871 1155 1918 fudit.
1190 1870 1313 1916 exitu
1335 1886 1453 1932 quo-

162 1961 249 2010 que
267 1946 383 2010 fugae
401 1947 642 1993 intercluso
657 1983 671 2006 ,
690 1964 711 1992 a
734 1958 857 2009 parte
878 1945 1004 1991 omni
1024 1943 1307 1991 circumdatis
1325 1943 1450 2005 cqui-

162 2018 282 2064 tibus
302 2053 316 2075 ‚
344 2018 602 2081 quindecim
632 2019 770 2065 millia
803 2019 1041 2065 hominum
1073 2016 1209 2072 caesa3
1248 2016 1369 2062 mille
1400 2018 1449 2062 &

164 2090 348 2136 ducenti
383 2090 486 2137 vivi
523 2091 642 2153 capti
677 2091 807 2149 sunt,
844 2093 893 2138 &
926 2091 1032 2153 equi
1066 2089 1303 2136 Numidici,
1327 2090 1449 2134 mille

164 2164 215 2209 &
248 2162 513 2226 quingenti,
550 2163 669 2226 signa
704 2164 910 2210 militaria
945 2164 1036 2209 duo
1073 2165 1123 2210 &
1156 2162 1449 2225 septuaginta.

167 2235 369 2298 Regulus
409 2235 499 2297 ipse
530 2237 648 2282 inter
680 2237 922 2283 tumultum
955 2253 1060 2283 cum
1096 2236 1248 2300 paucis
1282 2234 1451 2296 effugit.

164 2308 285 2353 Tum
318 2307 372 2352 ad
392 2309 614 2354 Tunetem
644 2309 830 2365 eodem,
863 2324 958 2370 quo
988 2320 1113 2353 antea
1131 2344 1146 2365 ,
1180 2308 1286 2353 loco
1314 2304 1450 2350 castra

167 2379 310 2443 posita
331 2414 345 2437 ‚
382 2379 600 2441 legatique
621 2381 803 2443 triginta
824 2380 1095 2442 Carthagine
1116 2379 1170 2425 ad
1189 2376 1449 2437 Scipionem

166 2464 408 2507 venerunt.
448 2455 496 2501 δέ
523 2453 587 2499 illi
607 2454 787 2517 quidem
814 2454 959 2504 multo
981 2450 1296 2508 miserabilius,
1317 2465 1451 2513 quan-i

140 408 146 431 Ι
