1592 2724
227 186 780 236 HISTORIARUM
815 190 944 237 LIB.
979 191 1194 238 XXXIV.
1263 209 1355 257 427

80 292 292 357 Scipione
312 297 360 343 &
377 295 450 344 Ti.
469 295 740 359 Sempronio
761 298 921 360 Longo
943 296 1215 346 consulibus.
1235 300 1357 346 Cen-

78 365 231 413 sorum
269 366 371 414 inde
407 369 586 415 comitia
629 368 775 414 habita
813 369 926 416 sunt.
975 372 1108 417 creati
1151 373 1357 419 censores

79 439 181 485 Sex.
204 440 343 487 AElius
369 442 512 486 Paetus
532 443 579 488 &
597 442 651 487 C.
669 441 908 487 Cornelius
932 442 1157 506 Cethegus
1185 445 1355 507 princi-

79 527 180 572 pem
201 512 373 559 senatus
392 515 436 561 P.
454 513 713 575 Scipionem
734 513 990 570 consulem,
1010 531 1141 577 quem
1165 517 1214 563 &
1235 517 1358 579 prio·

78 598 149 631 res
175 586 378 633 censores
405 586 626 650 legerant,
658 585 872 649 legerunt.
903 598 991 631 tres
1020 587 1211 634 omnino
1233 587 1359 634 sena·

77 667 198 706 tores
215 694 228 716 ,
250 660 473 706 neminem
495 659 641 706 curuli
662 659 837 706 honore
863 659 1012 717 usum,
1031 662 1358 722 praeterierunt.

77 734 279 780 Gratiam
308 750 491 796 quoque
518 733 744 797 ingentem
768 734 884 796 apud
912 750 1013 779 eum
1045 735 1248 781 ordinem
1279 752 1360 798 pe-

77 818 314 867 pererunt,
336 801 484 870 quod,
506 807 621 853 ludis
643 807 857 866 Romanis
873 843 885 865 ,
906 807 1108 854 aedilibus
1130 809 1359 856 curulibus

76 876 375 939 imperarunt,
395 891 444 925 ut
463 879 563 926 loca
584 879 801 926 senatoria
821 879 1101 928 secernerent
1121 899 1145 927 a
1166 883 1357 944 populo,

76 967 179 996 nam
200 964 327 997 antea
348 951 394 996 in
417 951 677 1014 promiscuo
694 951 955 1014 speftabant.
986 953 1218 1015 Equitibus
1237 970 1358 1016 quo-

76 1039 164 1086 que
189 1024 421 1086 perpaucis
445 1025 608 1070 ademti
643 1025 772 1088 equi,
794 1042 875 1071 nec
905 1026 950 1071 in
981 1025 1123 1071 ullum
1150 1025 1357 1073 ordinem

77 1095 293 1143 saevitum.
326 1097 501 1142 Atrium
523 1097 758 1142 Libertatis
791 1098 840 1144 ὅ(
858 1097 973 1142 Villa
992 1097 1171 1159 publica
1196 1098 1251 1144 ab
1271 1097 1358 1144 eis-

76 1167 175 1213 dem
217 1167 378 1214 refefta
419 1167 788 1230 amplificataque.
836 1171 928 1214 Ver
965 1168 1135 1215 sacrum
1175 1168 1357 1231 ludique

76 1239 257 1297 votivi,
280 1257 396 1303 quos
421 1254 615 1287 voverat
641 1242 730 1287 Ser.
758 1240 980 1303 Sulpicius
999 1241 1143 1287 Galba
1168 1241 1355 1298 consul,

76 1312 191 1360 faffi.
210 1314 327 1359 Cum
343 1313 592 1375 spestaculo
610 1328 767 1358 eorum
783 1312 989 1375 occupati
1004 1312 1139 1359 animi
1153 1311 1357 1358 omnium

76 1386 243 1443 essent,
270 1386 330 1445 Q.
361 1385 627 1442 Pleminius,
653 1385 731 1447 qui
761 1397 946 1447 propter
976 1385 1115 1431 multa
1149 1384 1195 1429 in
1226 1385 1358 1430 Deos

74 1457 366 1520 hominesque
403 1457 592 1515 scelera,
626 1458 783 1505 Locris
818 1458 1024 1515 admiffa,
1055 1458 1102 1503 in
1132 1474 1356 1504 carcerem

76 1530 306 1592 conjeRus
327 1530 469 1577 fuerat
484 1569 496 1588 ‚
529 1543 869 1593 comparaverat
896 1531 1101 1578 homines
1119 1568 1132 1589 ,
1155 1532 1231 1594 qui
1258 1532 1359 1593 plu-

74 1604 197 1652 ribus
227 1604 355 1650 simul
375 1604 487 1650 locis
519 1605 639 1650 urbis
665 1605 794 1650 noile
827 1604 1032 1651 incendia
1065 1604 1283 1658 facerent;
1304 1615 1356 1650 ut

76 1675 123 1721 in
154 1676 431 1722 consternata
464 1677 690 1722 nofflurno
723 1676 918 1722 tumultu
955 1677 1138 1723 civitate
1172 1675 1357 1739 refringi

76 1764 226 1794 carcer
271 1747 427 1809 posset.
471 1763 521 1792 ea
558 1764 626 1792 res
670 1747 837 1793 indicio
880 1747 1165 1794 consciorum
1209 1747 1356 1810 palam

73 1822 212 1877 facta,
240 1821 469 1883 delataque
494 1812 546 1866 ad
576 1821 771 1866 senatum
796 1821 870 1868 est.
900 1821 1144 1868 Pleminius
1170 1821 1217 1867 in
1238 1820 1355 1868 infe-

74 1895 239 1940 riorem
274 1893 477 1938 demissus
506 1909 727 1939 carcerem
750 1892 810 1938 est
825 1929 837 1948 ‚
859 1893 1144 1956 necatusque.

152 1967 295 2012 XLV.
332 1967 543 2012 Coloniae
581 1967 751 2013 civium
789 1968 1102 2013 Romanorum
1136 1982 1193 2013 eo
1232 1982 1354 2013 anno

73 2039 271 2084 dedu&ae
291 2038 388 2085 sunt
408 2040 624 2086 Puteolos
637 2075 649 2096 ,
668 2038 966 2095 Vulturnum,
982 2039 1242 2095 Liternum3
1262 2051 1356 2085 tre-

75 2109 174 2155 ceni
209 2110 414 2156 homines
446 2111 491 2155 in
528 2111 732 2174 singulas.
765 2115 871 2156 ltem
908 2111 1137 2158 Salernum
1172 2113 1354 2157 Buxen-

70 2194 256 2243 tumque
309 2182 506 2228 coloniae
561 2183 730 2228 civium
789 2184 1100 2230 Romanorum
1157 2183 1354 2229 deduestae

74 2253 190 2299 sunt.
214 2254 436 2301 deduxere
454 2255 680 2300 triumviri
698 2291 711 2313 ‚
738 2256 810 2303 Ti.
832 2255 1122 2317 Sempronius
1142 2257 1323 2317 Longus
1341 2289 1356 2312 ‚

76 2324 154 2385 qui
192 2335 286 2370 turn
318 2324 476 2371 consul
517 2337 636 2381 erat;
666 2328 729 2371 M.
756 2326 999 2382 Servilius,
1032 2327 1093 2385 Ω.
1123 2325 1354 2371 Minucius

73 2398 305 2444 Thermus.
337 2400 454 2461 Ager
474 2399 640 2446 divisus
666 2399 755 2458 est,
778 2400 856 2464 qui
887 2400 1225 2461 Campanorum
1256 2397 1355 2444 fue·

74 2482 156 2516 rat.
182 2470 419 2533 Sipontum
445 2471 551 2518 item
575 2472 622 2519 in
641 2490 826 2538 agrum,
851 2473 930 2538 qui
954 2472 1230 2536 Arpinorum
1255 2471 1355 2518 fue-
