1592 2724
152 175 244 223 150
497 155 1068 203 T1‘T1L1V11

148 265 351 328 marique
376 262 562 322 felinis,
588 263 679 327 ipse
713 281 818 311 cum
848 264 1017 310 robore
1046 261 1269 310 exercitus
1298 261 1361 310 ire
1381 261 1439 310 ad

148 341 298 388 hostes
319 341 473 405 pergit.
501 340 651 387 Primo
670 340 716 386 in
735 340 938 396 tumulo,
958 352 1151 401 quatuor
1175 338 1314 385 ferme
1335 337 1441 384 mil-

150 414 208 463 lia
233 415 418 460 distante
450 415 504 460 ab
536 414 685 461 castris
716 414 875 477 regiis,
900 411 1130 460 consedit:
1158 411 1338 473 postero
1369 409 1441 457 die

151 505 254 534 cum
278 488 474 538 euuiram
494 488 543 532 in
561 489 753 550 Magnos
775 486 868 550 (ita
887 486 1088 546 vocant)
1108 500 1319 546 campOS‚
1339 484 1443 530 sub-

151 559 292 621 jefflo's
313 560 349 605 ei
370 559 572 616 tumulo,
593 559 837 621 degreffus,
858 559 1139 605 succedendo
1158 558 1211 603 ad
1233 555 1444 602 stationes

152 632 350 679 ’nostium
369 670 381 688 ,
410 633 751 693 lacessendoque
784 632 962 679 levibus
987 632 1187 695 proeliis,
1212 632 1328 677 diem
1362 631 1446 676 ab-

154 704 334 752 sumsit:
364 706 412 751 &
447 721 522 766 per
550 704 785 767 insequens
807 704 991 751 biduum
1021 703 1307 751 tumultuosis
1337 702 1446 748 hine

156 790 291 838 atque
312 776 434 822 illinc
455 776 796 823 excursionibus
821 775 1044 832 invicem,
1068 776 1183 822 nihil
1201 775 1320 821 (lietu
1347 773 1448 823 satis

155 850 342 911 dignum
370 848 587 896 fecerunt.
626 861 786 912 quarto
808 849 878 895 die
907 850 1117 912 utrinque
1138 850 1183 895 in
1209 848 1350 895 aciem
1369 847 1450 893 de-

157 923 356 970 scensum
396 924 469 970 est.
510 925 745 970 Romanus
783 923 1009 985 principes
1042 923 1143 986 post
1178 921 1452 969 hastatorum

159 997 305 1060 prima
329 997 446 1060 signa
462 1033 476 1053 ,
495 996 541 1042 in
572 996 771 1043 subsidiis
792 995 968 1043 triarios
992 994 1226 1043 constituit
1245 1012 1255 1040 ε
1274 994 1452 1057 equita-

160 1081 258 1116 tum
295 1070 497 1117 Italicum
533 1070 589 1116 ab
632 1070 793 1117 dextro
830 1086 1007 1128 cornu,
1043 1068 1099 1115 ab
1132 1068 1252 1116 laevo
1289 1067 1455 1114 Numi-

162 1143 239 1189 das
261 1143 613 1206 Masinissamque
633 1144 861 1207 opposuit.
886 1144 1071 1207 Syphax
1092 1141 1456 1206 Hasdrubalque,

162 1216 418 1263 Numidicis
440 1217 650 1264 adversus
681 1219 882 1265 Italicum
913 1219 1189 1280 equitatum,
1210 1215 1455 1280 Carthagi-

163 1291 388 1337 niensibus
421 1303 579 1338 contra
615 1293 878 1339 Matiniffam
908 1290 1092 1348 locatis,
1122 1290 1375 1337 Celtiberos
1408 1289 1455 1336 in

164 1365 352 1411 mediam
372 1365 513 1410 aciem
538 1364 586 1410 in
618 1365 801 1412 adversa
822 1365 941 1429 tigna
967 1364 1199 1428 legionum
1225 1380 1456 1425 accepere.

165 1439 228 1484 ita
255 1439 457 1485 instruffi
476 1452 773 1486 concurrunt.
806 1438 959 1486 Primo
981 1437 1154 1499 impetu
1179 1436 1306 1482 simul
1332 1443 1456 1482 utra*-

165 1527 256 1574 que
287 1527 459 1557 cornua
477 1546 489 1568 ,
517 1512 564 1558 &
596 1511 805 1557 Numidae
835 1512 884 1558 &
917 1506 1303 1572 Carthaginienses
1330 1506 1457 1570 pulsi²

167 1603 270 1632 nam
300 1601 445 1648 neque
463 1584 698 1642 Numidae,
721 1584 916 1631 maxima
936 1600 1034 1647 pars
1054 1582 1240 1646 agrestes
1254 1617 1268 1638 ‚
1284 1581 1459 1627 Roma-

168 1678 279 1707 num
299 1660 543 1722 equitatum
557 1695 569 1716 ‚
589 1676 734 1723 neque
753 1656 1140 1721 Carthaginienses
1154 1691 1168 1714 ,
1186 1657 1236 1704 ὅ(
1261 1655 1353 1718 ipse
1371 1671 1459 1702 no-

171 1749 254 1781 vus
276 1732 425 1790 miles,
447 1732 711 1778 Mafiniffam
727 1767 740 1789 ,
763 1729 934 1778 recenti
952 1729 1080 1793 super
1104 1741 1249 1776 cetera
1270 1726 1462 1775 vietoria

169 1804 443 1864 terribilem,
478 1805 736 1863 sustinuere.
781 1805 958 1851 Nudata
994 1802 1207 1864 utrinque
1245 1797 1499 1846 cornibus‘

170 1879 451 1926 Celtiberum
472 1880 588 1927 acies
616 1878 756 1926 stabat
775 1897 784 1925 :
804 1876 929 1941 quod
950 1891 1033 1922 nec
1055 1875 1103 1920 in
1124 1873 1226 1937 fuga
1243 1870 1353 1918 salus
1371 1871 1463 1918 ulla

172 1951 490 1999 ostendebatur
527 1952 641 1998 locis
678 1950 872 2014 ignotis,
908 1964 1052 2010 neque
1087 1945 1182 2009 spes
1220 1943 1368 1991 veniae
1405 1943 1462 1990 ab

173 2024 388 2086 Scipione
407 2035 526 2080 erat3
557 2040 717 2086 quem,
737 2023 851 2070 bene
879 2021 1088 2068 meritum
1113 2019 1166 2064 de
1186 2016 1227 2064 se
1256 2018 1305 2064 ὅ(
1331 2028 1462 2081 gente

175 2097 273 2151 sua,
294 2096 580 2142 mercenariis
605 2096 738 2141 armis
756 2095 801 2140 in
823 2093 1019 2141 Africam
1045 2101 1356 2153 oppugnatum
1379 2107 1461 2136 ve-

175 2168 348 2215 nifl'ent.
366 2169 525 2231 Igitur,
543 2167 820 2215 circumfusis
841 2166 1039 2229 undique
1060 2163 1285 2220 hostibus,
1303 2162 1377 2208 alii
1397 2162 1462 2207 su·

176 2259 257 2306 per
274 2241 386 2288 alios
403 2243 630 2299 cadentes,
648 2240 858 2288 obstinati
879 2239 1211 2286 moriebantur:
1233 2234 1464 2288 omnibus-

178 2333 267 2379 que
298 2315 345 2361 in
378 2332 457 2362 eos
484 2315 640 2365 versis,
667 2314 949 2378 aliquantum
979 2313 1034 2359 ad
1065 2311 1215 2375 fugam
1245 2308 1464 2370 temporis

180 2388 370 2451 Syphax
392 2390 441 2435 &
462 2387 709 2434 Hasdrubal
736 2397 1063 2449 praeceperunt.
1092 2384 1313 2445 Fatigatos
1343 2381 1464 2428 caede

178 2460 370 2523 diutius,
390 2479 522 2527 quam
543 2478 722 2527 pugna,
745 2460 941 2511 viElorcs
967 2475 1065 2508 nox
1090 2456 1320 2524 oppreffit
