1592 2724
158 143 246 205 176
525 139 1089 196 T1„T1L1v11

148 249 288 297 hostis
308 248 537 297 Hannibal,
556 250 715 313 potest,
737 249 926 296 Castior
942 261 1092 295 tamen
1104 285 1118 308 ,
1138 265 1272 313 quam
1289 256 1444 313 prom³

150 323 272 381 tior,
294 322 368 370 hic
385 321 565 369 habitus
589 323 701 371 fuit:
736 326 785 372 Sc
802 358 820 384 ,
844 323 956 371 ficut
982 322 1181 380 dubites,
1206 335 1356 370 utrum
1378 322 1446 368 in·

149 399 286 464 genio
318 400 554 446 cun-{lator
583 398 744 456 fuerit,
782 414 838 444 an
859 397 964 462 quia
985 397 1047 444 ita
1077 396 1200 443 hello
1230 397 1445 460 proprie,

150 472 277 535 quod
311 485 404 520 tum
434 472 700 537 gerebatur,
721 481 875 534 aptum
905 482 1023 526 erat3
1060 469 1120 517 fic
1143 468 1254 516 nihil
1281 469 1446 516 certius

152 546 246 601 est,
284 563 418 609 quam
451 562 591 592 unum
620 543 852 591 hominem
883 544 1020 590 nobis
1059 543 1315 590 cun&ando
1350 559 1446 589 rem

151 596 411 676 restituisse,
442 617 552 666 ficut
579 601 751 664 Ennius
781 617 857 664 ait.
896 618 1055 678 Augur
1082 614 1129 660 in
1158 614 1313 661 locum
1350 614 1446 675 ejus

150 693 442 756 inauguratus
463 693 524 752 Q.
549 690 707 738 Fabius
727 689 979 746 Maximus,
1003 687 1152 734 filius:
1176 688 1221 734 in
1249 687 1446 749 ejusdem

150 765 305 813 locum
332 763 544 827 pontifex
578 763 715 829 (nam
748 762 840 809 duo
860 760 1110 810 sacerdotia
1134 760 1319 822 habuit)
1346 762 1443 808 Ser.

149 837 372 902 Sulpicius
406 838 564 885 Galba.
603 836 718 884 Ludi
751 835 951 884 Romani
987 834 1105 882 diem
1139 852 1313 893 unum,
1352 835 1445 897 ple-

150 909 240 970 beii
271 922 339 956 ter
370 909 458 956 toti
482 907 713 956 instaurati
737 908 792 955 ab
818 905 1022 953 aedilibus
1039 941 1053 964 ‚
1090 907 1159 952 M.
1185 907 1343 953 Sextio
1361 908 1444 952 Sa-

150 983 262 1029 bino
290 983 341 1030 &
369 982 454 1028 Cn.
493 979 743 1026 Tremellio
778 979 956 1026 Flacco.
995 977 1028 1024 ii
1063 978 1199 1024 ambo
1225 990 1444 1041 praetores

150 1055 280 1116 facti,
306 1058 356 1103 &
381 1072 482 1102 cum
511 1055 564 1101 iis
587 1055 643 1101 C.
664 1052 819 1101 Livius
837 1051 1062 1099 Salinator
1088 1053 1138 1100 δε
1155 1052 1213 1098 C.
1236 1052 1445 1101 Aurelius

152 1133 308 1179 Cotta.
345 1128 546 1176 Comitia
577 1127 673 1189 ejus
703 1126 810 1174 anni
835 1137 985 1174 utrum
1009 1127 1062 1174 C.
1088 1125 1305 1173 Servilius
1328 1142 1445 1174 con-

126 1204 217 1271 ‘sul
251 1201 488 1259 habuerit,
520 1218 575 1247 an
602 1199 738 1265 (quia
763 1216 869 1246 eum
899 1214 969 1245 res
1001 1198 1047 1244 in
1072 1199 1254 1245 Etruria
1288 1210 1443 1245 tenue-

151 1279 245 1325 rint
265 1313 278 1336 ‚
307 1274 580 1340 quaestiones
604 1290 661 1319 ex
682 1271 1067 1319 senatusconsulto
1089 1272 1143 1318 de
1160 1270 1444 1333 conjuratio-

151 1350 283 1397 nibus
313 1347 570 1409 principum
597 1342 867 1404 habentem)
901 1343 1093 1388 dietator
1123 1344 1178 1388 ab
1211 1359 1267 1388 eo
1299 1342 1442 1389 dictus

150 1423 200 1468 P.
218 1418 469 1483 Sulpicius,
502 1417 726 1464 incertum
754 1426 804 1462 ut
831 1415 912 1477 sit,
939 1414 1106 1463 diversi
1132 1416 1337 1462 auctores
1372 1414 1442 1461 fa·-

152 1494 292 1542 ciunt.

229 1566 421 1613 XXVII.
455 1561 688 1625 Principio
722 1560 995 1626 insequentis
1024 1560 1161 1620 anni,
1193 1561 1258 1608 M.
1285 1560 1442 1608 Servi-

154 1641 239 1688 lius
255 1642 307 1688 &
332 1639 406 1687 Ti.
423 1636 637 1684 Claudius
652 1672 666 1694 ,
698 1635 853 1690 senatu
881 1636 929 1683 in
947 1635 1229 1699 Capitolium
1247 1645 1444 1692 vocato,

153 1716 209 1763 de
243 1711 494 1778 provinciis
518 1711 781 1759 retulerunt.
810 1710 980 1757 Italiam
1009 1722 1142 1773 atque
1163 1709 1364 1757 Africam
1396 1708 1444 1756 in
1483 1700 1490 1708 ’

153 1789 320 1836 sortem
346 1785 538 1849 conjici,
558 1784 758 1832 Africam
778 1784 913 1832 ambo
934 1784 1192 1848 cupientes,
1207 1782 1444 1831 volebant.

154 1860 453 1919 ceterum,Q.
467 1858 657 1905 Metello
675 1858 869 1905 maxime
884 1857 1140 1913 annitente,
1154 1872 1300 1919 neque
1318 1856 1442 1913 data,

154 1952 302 1998 neque
323 1945 481 1997 negata
501 1931 564 1978 est
592 1931 757 1980 Africa.
794 1931 1017 1979 Consules
1045 1929 1144 1991 juffi
1166 1946 1269 1977 cum
1299 1928 1445 1975 tribu-

155 2009 224 2054 nis
259 2005 403 2069 plebis
428 2021 587 2068 agere,
613 2017 693 2062 ut,
715 2004 748 2051 fi
767 2003 820 2051 iis
841 2004 1094 2060 videretur,
1117 1997 1342 2064 populum
1368 2016 1444 2048 ro-

154 2091 335 2146 garent,
352 2096 487 2142 quem
504 2077 671 2126 vellet
660 2094 707 2123 m
727 2077 878 2124 Africa
895 2076 1063 2123 bellum
1088 2091 1254 2139 gerere.
1270 2076 1446 2121 Omnes

154 2152 298 2199 tribus
326 2151 373 2196 P.
393 2149 657 2211 Scipionem
681 2149 910 2211 jusserunt
946 2146 1258 2194 Nihilominus
1278 2145 1444 2193 consu-

155 2225 219 2272 les
238 2221 526 2286 provinciam
543 2220 740 2267 Africam
769 2220 858 2285 (ita
886 2219 1006 2267 enim
1027 2219 1202 2265 senatus
1225 2218 1444 2264 decreve-

157 2296 256 2361 rat)
276 2296 321 2341 in
343 2294 505 2342 sortem
527 2293 836 2355 conjecerunt.
851 2294 926 2339 Ti.
945 2294 1145 2340 Claudio
1162 2291 1316 2338 Africa
1334 2307 1444 2337 eve-

157 2371 250 2426 nit,
281 2380 331 2416 ut
357 2367 680 2432 quinquaginta
705 2367 893 2413 navium
911 2366 1104 2425 chffem,
1137 2380 1294 2412 omnes
1309 2362 1444 2427 quini

146 2458 389 2508 queremes
406 2477 420 2501 ,
452 2441 499 2488 in
521 2439 717 2488 Africam
740 2438 996 2498 trajiceret,
1034 2439 1218 2503 parique
1246 2436 1440 2500 imperio
