1592 2724
372 186 921 235 HISTORIARUM
963 189 1084 234 LIB.
1119 188 1275 236 XXX.
1366 188 1453 252 187

171 293 389 341 instruxit.
424 295 687 357 Equitatum
714 294 844 340 etiam
867 292 1006 355 ipsum
1033 295 1327 341 circumdedit
1353 313 1456 342 cor-

171 367 332 414 nibus:
355 368 558 413 dextrum
578 366 985 428 Carthaginienses,
1006 366 1224 412 sinistrum
1245 368 1456 413 Numidae

171 449 422 484 tenuerunt.
458 438 592 484 Varia
623 438 883 483 adhortatio
914 451 1003 484 erat
1032 438 1078 483 in
1109 438 1309 484 exercitu
1341 439 1458 484 inter

170 520 242 555 tot
278 510 512 567 homines,
543 509 702 572 quibus
738 527 831 556 non
869 510 1048 573 lingua,
1084 526 1178 555 non
1207 527 1328 566 mos,
1361 527 1459 557 non

170 581 246 627 lex
263 618 276 637 ,
296 599 390 628 non
413 599 555 639 arma,
577 598 671 627 non
692 582 879 628 vestitus
899 582 1159 645 habitusque
1177 618 1190 640 ,
1215 598 1308 628 non
1330 582 1458 628 caula

173 657 397 702 militandi
427 657 581 703 eadem
609 657 727 703 efl'et.
760 656 1064 703 Auxiliaribus
1094 659 1142 704 ὅ(
1168 657 1384 719 praesens,
1405 658 1457 703 &

171 732 468 793 multiplicata
489 748 657 778 merces
675 749 731 778 ex
755 732 902 793 praeda
923 732 1180 778 ostentatur.
1210 731 1330 777 Galli
1351 747 1458 793 pro·

170 802 272 864 prio
306 815 438 866 atque
472 803 606 849 infito
637 803 684 849 in
718 805 952 850 Romanos
986 804 1096 850 odio
1133 803 1455 850 accenduntur.

170 875 407 937 Liguribus
428 877 572 939 campi
600 877 758 923 uberes
790 878 948 930 Italiae,
967 877 1162 923 deductis
1189 894 1243 922 ex
1266 876 1460 938 asperri-

169 945 253 992 mis
281 948 510 994 montibus
527 984 540 1005 ,
561 949 607 994 in
630 949 748 1010 spem
771 949 974 995 victoriae
995 949 1288 995 ostentantur.
1324 951 1459 995 Mau-⁵

170 1035 248 1065 ros
270 1020 574 1081 Numidasque
599 1021 833 1067 Masiniss'ae
860 1021 1099 1083 impotenti
1129 1022 1285 1068 futuro
1306 1023 1458 1068 domi-

173 1103 278 1137 natu
297 1104 443 1138 terret.
469 1094 577 1139 Aliis
606 1094 702 1139 aliae
726 1093 818 1156 spes
839 1112 890 1141 ac
916 1107 1058 1140 metus
1080 1094 1308 1154 jaciantur.
1341 1095 1459 1140 Car-

171 1166 517 1228 rhaginiensibus
538 1167 706 1214 moenia
729 1168 907 1230 patriae,
931 1169 1010 1215 Dii
1031 1170 1237 1226 Penates,
1257 1168 1458 1230 sepulcra

170 1238 421 1299 majorum,
447 1240 575 1286 liberi
598 1257 696 1287 cum
720 1241 1001 1303 parentibus,
1021 1240 1234 1305 conjuges
1255 1241 1456 1303 pavidae,

171 1327 248 1358 aut
265 1312 490 1358 excidium
508 1312 854 1375 servitiumque,
873 1328 946 1360 aut
966 1314 1204 1376 imperium
1227 1314 1349 1360 orbis
1371 1326 1458 1360 ter-

172 1401 347 1441 rarum,
375 1383 485 1429 nihil
513 1395 588 1429 aut
622 1384 668 1429 in
701 1397 899 1442 metum,
933 1398 1006 1431 aut
1030 1386 1073 1431 in
1108 1386 1227 1448 spem
1259 1386 1457 1432 medium

172 1453 433 1501 ostentatur.
465 1456 580 1501 Cum
604 1456 796 1501 maxime
825 1456 919 1503 haec
940 1458 1181 1518 imperator
1207 1458 1324 1519 apud
1345 1458 1457 1502 Car-

172 1525 495 1589 thaginienses,
521 1527 655 1573 duces
688 1526 861 1573 suarum
891 1527 1090 1590 gentium
1122 1527 1238 1574 inter
1258 1528 1458 1590 popula-

171 1614 264 1654 res,
295 1598 495 1661 plerique
515 1615 595 1661 per
620 1599 881 1662 interpretes
907 1600 1021 1646 inter
1043 1600 1274 1646 immixtos
1296 1601 1457 1647 alieni-

172 1670 318 1733 genis,
352 1684 534 1734 agerent
552 1708 565 1729 ‚
595 1672 714 1718 tubae
733 1689 992 1736 cornuaque
1015 1673 1070 1718 ab
1098 1674 1316 1720 Romanis
1336 1675 1457 1721 ceci-

172 1756 336 1789 nerunt
351 1762 361 1789 z
376 1743 610 1808 tantusque
625 1744 795 1791 clamor
810 1758 936 1792 ortus
947 1782 960 1804 ,
976 1758 1024 1792 ut
1043 1745 1267 1808 elephanti
1288 1747 1334 1792 in
1353 1747 1457 1793 suos

173 1816 349 1863 finistro
372 1817 560 1863 maxime
581 1834 747 1875 cornu,
761 1831 1064 1876 verterentur,
1084 1820 1268 1865 Mauros
1287 1837 1337 1866 ac
1355 1821 1457 1866 Nu-

172 1889 326 1934 midas.
358 1889 542 1935 Addidit
572 1889 703 1937 facile
732 1891 950 1937 Masinissa
978 1890 1185 1953 perculsis
1205 1904 1456 1948 terrorem,

174 1960 449 2024 nudavitque
470 1963 525 2008 ab
551 1979 600 2008 ea
620 1974 744 2025 parte
764 1964 904 2010 aciem
924 1963 1113 2027 equestri
1133 1963 1317 2010 auxilio.
1340 1965 1456 2010 Pau-

175 2049 240 2078 cae
259 2045 407 2079 tamen
435 2034 669 2081 bestiarum
685 2071 698 2094 ,
719 2036 952 2099 intrepidae
974 2037 1019 2082 in
1041 2036 1210 2082 hostem
1230 2037 1362 2093 actae,
1383 2037 1456 2082 in-

172 2117 239 2151 ter
269 2106 459 2152 velitum
483 2107 663 2153 ordines
689 2125 791 2154 cum
813 2108 962 2154 multis
989 2108 1073 2154 suis
1096 2108 1359 2155 vulneribus
1382 2109 1455 2154 in-

169 2188 350 2239 gentem
377 2177 562 2242 stragem
583 2179 783 2227 edebant.
821 2180 1063 2227 resilientes
1087 2180 1205 2227 enim
1237 2181 1291 2227 ad
1313 2181 1454 2226 mani-

173 2249 307 2310 pulos
339 2250 521 2308 velites,
543 2268 644 2297 cum
669 2252 787 2298 viam
811 2253 1059 2315 elephantis
1075 2287 1088 2311 ,
1115 2269 1170 2298 ne
1191 2253 1455 2298 obtereren-

173 2333 271 2380 tur,
292 2322 514 2380 feciffent3
536 2325 582 2370 in
607 2326 822 2388 ancipites
843 2327 896 2372 ad
917 2326 1049 2372 ictum
1074 2327 1283 2388 utrinque
1309 2324 1456 2386 conji-

176 2393 351 2440 ciebant
382 2394 549 2450 hastas3
577 2412 659 2442 nec
684 2396 772 2459 pila
802 2396 857 2442 ab
888 2397 1180 2460 antesignanis
1210 2396 1456 2453 cefi'abant;

175 2467 322 2515 donec
348 2468 546 2532 undique
565 2467 865 2518 incidentibus
891 2470 990 2519 telis
1009 2471 1146 2519 exacti
1167 2487 1222 2516 ex
1249 2470 1454 2518 Romana
