1592 2724
286 191 842 240 HISTORIARUM
876 193 1004 239 LIB.
1041 192 1215 239 XXXL
1300 209 1386 239 222

1350 229 1387 256 ¹)

103 312 205 346 cum
226 299 429 361 AEginam
459 300 707 355 venisse-nn
740 316 820 345 rex
839 299 1081 356 Piraeeum‚
1115 303 1396 349 renovandae

106 369 423 435 firmandaeque
459 389 563 419 cum
601 369 948 417 Atheniensibus
982 369 1204 418 societatis
1237 373 1394 431 causa,

105 441 291 502 trajecit.
327 444 503 492 Civitas
535 441 685 491 omnis
717 440 905 489 obviam
938 441 1071 489 effusa
1100 459 1202 489 cum
1230 444 1397 506 conju-

106 515 237 577 gibus
273 534 323 564 ac
357 516 540 573 liberis,
576 514 830 563 sacerdotes
859 531 961 560 cum
995 513 1241 578 insignibus
1276 516 1361 563 suis
1381 551 1396 575 ‚

107 588 349 636 intrantem
381 589 565 647 urbem,
595 605 647 636 ac
668 586 751 635 Dii
775 602 921 650 prope
948 585 1030 652 ipsi
1055 587 1193 637 exciti
1222 588 1397 638 sedibus

107 659 222 717 suis,
254 674 540 725 exceperunt.

174 735 278 782 XV.
312 737 360 782 In
389 735 664 782 concionem
689 731 919 794 extemplo
956 731 1153 794 populus
1180 744 1399 793 vocatus,

109 817 160 853 ut
180 824 287 865 rex,
312 825 414 870 quae
435 808 600 865 vellet,
622 824 776 854 coram
798 816 945 868 ageret
964 824 974 852 ε
1001 806 1161 852 deinde
1179 823 1234 853 ex
1253 808 1400 869 digni-

110 891 200 926 tate
226 879 364 943 magis
392 879 567 938 visum,
600 878 788 932 scribere
822 895 923 924 eum
944 913 958 937 ,
991 878 1048 924 de
1076 879 1241 941 quibus
1267 880 1400 928 vide-

110 964 262 1012 retur,
294 969 427 1016 quam
458 952 720 1015 praesentem
755 963 833 997 aut
863 949 1110 997 referendis
1140 950 1224 997 suis
1258 951 1304 998 in
1333 952 1399 999 ci-

110 1021 298 1073 vitatem
327 1023 559 1071 beneficiis
590 1021 879 1081 erubescere,
904 1036 982 1068 aut
1001 1021 1401 1085 significationibus

111 1095 596 1162 acclamationibusque
629 1095 928 1143 multitudinis
947 1132 960 1152 ,
998 1096 1288 1145 affenratione
1317 1099 1398 1145 im·

112 1169 295 1218 modica
322 1171 545 1234 pudorem
577 1169 822 1217 onerantis.
858 1171 907 1215 In
930 1168 1068 1216 literis
1098 1183 1245 1217 autem
1264 1208 1277 1228 ‚
1299 1189 1401 1236 quae

111 1242 248 1290 missae
270 1244 319 1291 in
347 1244 624 1292 concionem
653 1243 939 1306 recitataeque
961 1241 1085 1302 sunt,
1118 1261 1401 1292 commemo-

113 1314 231 1361 ratio
261 1329 352 1364 erat
387 1316 711 1364 beneficiorum
745 1315 937 1378 primum
976 1314 1021 1362 in
1059 1314 1290 1363 civitatem
1326 1315 1401 1363 so-

114 1387 260 1445 ciam3
290 1390 451 1438 deinde
470 1407 619 1438 rerum
634 1423 648 1446 ‚
671 1405 777 1453 quas
798 1388 1008 1436 adversus
1028 1388 1286 1452 Philippum
1306 1391 1403 1455 ges-

113 1458 260 1517 fiffet3
286 1463 342 1508 ad
367 1462 642 1525 postremum
672 1461 958 1519 adhortatio,
995 1460 1289 1526 Capeſjendzmg
1318 1466 1403 1510 bs!-

115 1539 201 1580 lum
215 1571 229 1594 ‚
248 1539 348 1582 dum
360 1538 434 1599 fi,
461 1541 559 1583 dum
578 1539 772 1582 Rhodios
788 1571 803 1594 ,
828 1553 912 1582 tum
939 1538 1101 1596 quidem
1118 1571 1133 1594 9
1153 1540 1252 1581 dam
1277 1542 1400 1583 eciam

115 1610 335 1655 Romanos
366 1612 566 1656 haberent.
606 1611 897 1670 Nequidquam
929 1610 1098 1676 poste-z,
1125 1610 1176 1674 st
1201 1625 1287 1655 tum
1316 1611 1402 1671 ces-

103 1679 292 1745 sadffint,
317 1681 627 1746 praetermiffam
662 1683 911 1748 occasionem
943 1682 1189 1748 quaesituros.
1231 1683 1404 1729 Rhodii

118 1756 280 1803 deinde
311 1757 446 1822 legati
467 1759 608 1807 auditi
632 1759 759 1806 sunt:
792 1774 988 1821 quorum
1016 1774 1172 1805 recens
1202 1771 1294 1805 erat
1326 1759 1402 1806 be-

119 1828 360 1890 neficium,
394 1833 522 1896 quod
557 1849 697 1881 naves
731 1831 890 1895 longas
925 1844 1121 1894 quatuor
1151 1832 1403 1878 Athenien-

119 1901 258 1961 sium,
276 1915 425 1966 captas
455 1922 597 1967 nuper
617 1923 641 1952 a
660 1903 987 1951 Macedonibus
1007 1904 1402 1967 recuperatasque,

121 1973 392 2024 remiserant.
427 1977 576 2041 itaque
605 1976 775 2040 ingenti
804 1974 1023 2023 consensu
1046 1976 1212 2024 bellum
1242 1977 1405 2023 adver·

122 2046 191 2091 sus
217 2046 470 2110 Philippum
490 2049 734 2096 decretum.
763 2049 976 2095 Honores
1002 2048 1094 2111 regi
1116 2047 1309 2110 primum
1326 2050 1403 2094 At·

122 2119 217 2165 taio
238 2119 503 2179 immodici,
537 2122 697 2169 deinde
716 2123 765 2170 ὅ(
788 2121 980 2169 Rhodiis
1000 2121 1166 2169 habiti:
1200 2136 1294 2168 tum
1318 2121 1408 2184 pri-

122 2211 245 2240 mum
275 2195 449 2242 mentio
476 2195 598 2243 illata
619 2197 672 2243 de
693 2197 839 2256 tribu,
872 2214 1007 2261 quam
1026 2196 1220 2243 Attalida
1250 2195 1405 2258 appel-

122 2267 293 2326 larent,
323 2268 377 2315 ad
395 2269 550 2317 decem
572 2283 745 2318 veteres
774 2271 915 2318 tribus
942 2271 1172 2318 addenda:
1207 2274 1256 2318 ὅ(
1280 2269 1407 2322 Rho-

124 2340 304 2388 diorum
327 2342 521 2405 populus
542 2359 715 2390 corona
742 2359 874 2390 aurea
891 2342 1072 2390 virtutis
1097 2341 1236 2406 gratia
1262 2342 1407 2387 dona·-

126 2425 223 2473 ωε,
243 2414 489 2477 civitasque
515 2414 708 2462 Rhodiis
729 2415 856 2475 data,
874 2414 1250 2479 quemadmodum
1279 2412 1409 2459 Rho-

129 2486 190 2534 dii
220 2486 344 2551 prius
373 2486 719 2536 Atheniensibus
754 2487 980 2538 dederant.
1022 2486 1277 2534 Secundum
1311 2486 1408 2534 haec
