1592 2724
291 202 783 250 HisTofflARU
803 205 851 248 M
888 190 1021 250 Lissq
1052 204 1222 250 xxxi.
1305 217 1391 269 255

115 302 327 368 foedeque
346 306 586 368 diripiunt:
614 305 692 367 qui
718 305 947 352 Malloeam
972 306 1207 366 incolunt,
1228 308 1400 355 volun-

115 390 205 423 tate
234 379 277 422 in
311 379 583 424 deditionem
607 377 954 441 societatemque
982 379 1168 441 accepti.
1202 383 1265 426 Ex
1292 383 1399 427 Per-

113 453 281 499 rhaebia
307 454 549 516 Gomphos
576 450 756 514 petendi
776 452 1072 514 Amynander
1104 453 1258 500 aii&or
1283 468 1398 501 erat:

112 525 164 571 &
183 525 383 572 imminet
404 521 667 572 Athamania
691 525 795 570 huic
814 524 914 569 urbi
932 559 945 581 ‚
968 524 1297 588 videbaturque
1317 544 1399 572 ex·

111 598 301 659 pugnari
330 597 420 642 fine
445 611 610 658 magno
630 594 870 641 certamine
890 594 1028 657 poffe.
1056 596 1195 642 AEtoli
1216 614 1401 659 campos

111 668 349 715 Theffaliae
383 667 564 730 opimos
599 667 655 714 ad
691 667 885 729 praedam
921 667 1118 730 petiere3
1158 668 1400 733 sequente,

113 759 372 805 quanquam
399 760 495 788 non
527 743 749 805 probante
766 778 779 800 ,
807 744 1109 806 Amynandro
1128 777 1142 801 ‚
1181 762 1263 791 nec
1285 745 1399 795 effu-

115 814 177 861 sas
204 816 523 877 populationes
548 815 837 872 AEtolorum‚
864 832 946 862 nec
976 817 1112 863 castra
1131 854 1146 873 ‚
1177 834 1271 881 quo
1306 818 1400 865 fors

119 887 283 934 tuliffet
311 888 418 934 loco
435 923 448 945 ,
471 887 561 934 sine
581 887 677 933 ullo
701 886 953 934 discrimine
985 905 1035 935 ac
1057 906 1161 935 cura
1189 891 1400 936 munien-

119 959 192 1017 di,
224 960 382 1021 posita.
422 960 600 1022 itaque,
632 978 688 1006 ne
726 961 948 1006 temeritas
984 977 1140 1007 eorum
1172 963 1400 1025 negligen-

119 1032 269 1094 tiaque
299 1030 379 1077 fibi
400 1048 450 1077 ac
470 1031 556 1077 suis
586 1031 716 1077 etiam
750 1030 885 1077 cladis
917 1031 1103 1092 alicujus
1125 1032 1250 1079 causa
1270 1035 1399 1088 effer,

116 1122 220 1151 cum
247 1103 561 1167 campestribus
590 1105 704 1152 locis
729 1104 1009 1165 subjicientes
1031 1122 1109 1150 eos
1132 1105 1267 1152 castra
1287 1108 1399 1153 Phe—

117 1179 234 1225 cado
264 1178 364 1224 urbi
395 1176 596 1235 videret,
628 1177 719 1240 ipse
754 1178 890 1240 paulo
923 1179 1022 1241 plus
1050 1178 1401 1241 quingentorum

115 1252 318 1315 passuum
347 1250 450 1296 inde
481 1251 707 1297 tumulum
744 1251 858 1309 suis,
890 1252 1094 1315 quamvis
1123 1252 1214 1299 levi
1250 1255 1400 1300 muni-

116 1335 273 1370 mento
298 1335 473 1382 tutum,
500 1324 633 1386 cepit.
668 1325 785 1369 Cum
806 1325 974 1383 AEtoli‚
995 1325 1074 1370 nist
1103 1327 1226 1388 quod
1249 1343 1400 1389 popu-

115 1396 349 1453 labantur,
370 1395 447 1443 vix
474 1396 719 1442 meminifl'e
747 1397 1006 1444 viderentur
1025 1433 1037 1454 ,
1070 1396 1110 1443 se
1141 1399 1186 1442 in
1206 1398 1398 1445 hostium

116 1486 224 1532 agro
256 1469 365 1524 effe3
395 1469 471 1515 alii
501 1470 635 1530 palati
661 1469 909 1515 semiermes
940 1484 1209 1533 vagarentur
1226 1507 1238 1529 ,
1260 1471 1334 1517 alii
1355 1472 1400 1517 in

115 1542 267 1588 castris
297 1542 388 1588 fine
415 1542 679 1588 stationibus
700 1559 779 1604 per
807 1542 1012 1588 somnum
1036 1543 1285 1605 vinumque
1311 1543 1404 1590 dies

119 1613 326 1663 nofflbus
354 1629 602 1677 aequarent:
636 1615 868 1677 Philippus
895 1615 1234 1677 inopinantibus
1264 1616 1402 1662 adve-

123 1689 204 1735 nit.
239 1704 374 1750 quem
412 1704 514 1734 cum
539 1687 679 1734 adesse
706 1687 974 1751 refugientes
998 1705 1053 1734 ex
1077 1689 1193 1751 agris
1221 1689 1401 1751 quidam

120 1761 277 1824 pavidi
302 1761 596 1819 nuntiassent,
616 1761 837 1824 trepidare
855 1762 1151 1808 Damocritus
1175 1763 1401 1825 ceterique

117 1835 284 1880 duces:
315 1835 474 1879 &erat
492 1832 608 1879 forte
636 1835 932 1881 meridianum
961 1847 1164 1898 tempus,
1193 1852 1285 1899 quo
1304 1837 1401 1899 ple-

121 1907 249 1970 rique
281 1923 440 1971 grayes
475 1906 580 1953 cibo
611 1907 744 1970 sopiti
773 1908 992 1969 jacebant.
1032 1910 1238 1957 Excitare
1268 1911 1404 1974 igitur

122 1977 199 2023 alii
225 1977 337 2023 alios
358 2013 370 2033 ‚
405 1976 557 2038 jubere
588 1995 708 2025 arma
733 1996 891 2042 capere
908 2016 920 2037 ,
955 1980 1069 2026 alios
1101 1980 1323 2027 dimittere
1348 1981 1402 2028 ad

123 2048 439 2105 revocandos,
461 2051 539 2111 qui
556 2050 691 2112 palati
709 2067 786 2112 per
800 2068 930 2113 agros
947 2052 1269 2113 praedabantur.
1306 2065 1402 2098 tan-

121 2134 256 2184 taque
283 2121 522 2183 trepidatio
551 2121 659 2179 fuit,
696 2134 745 2168 ut
771 2123 860 2168 sine
892 2123 1047 2185 gladiis
1073 2124 1252 2186 quidam
1279 2123 1404 2186 equi-

122 2206 219 2241 tum
255 2194 462 2249 exirent,
494 2195 655 2241 loricas
689 2196 889 2259 plerique
927 2214 1020 2243 non
1053 2198 1305 2244 induerent.
1343 2200 1405 2242 lta

122 2267 283 2330 raptim
302 2267 445 2313 eduffi
467 2303 480 2324 ‚
512 2284 614 2313 cum
639 2269 836 2316 universi
870 2269 1183 2316 sexcentorum
1210 2285 1324 2331 aegre
1348 2269 1405 2314 si-

123 2341 216 2386 mul
249 2341 420 2404 equites
444 2340 702 2404 peditesque
734 2360 969 2389 numerum
1001 2342 1271 2405 explessent,
1298 2342 1410 2388 inci-

123 2415 234 2461 dunt
269 2416 316 2461 in
346 2415 518 2478 regium
545 2418 819 2478 equitatum,
852 2435 1045 2464 numero
1066 2455 1081 2476 ,
1117 2419 1303 2476 animis,
1336 2434 1405 2463 ar-

125 2487 294 2552 misque
311 2489 608 2552 praestantem.
644 2493 797 2553 ltaque
826 2492 977 2553 primo
1000 2492 1169 2552 impetu
1196 2490 1304 2549 susi,
1323 2491 1407 2538 vix
