1592 2724
201 152 299 200 344
567 135 1124 184 T1T1L1V11

201 243 480 294 imminentis
508 244 646 304 belli,
677 245 850 309 legatos
878 246 932 293 ad
965 263 1112 310 regem
1144 243 1356 294 miserunt
1390 247 1487 294 Ne·-

202 317 408 382 phelida,
429 316 823 380 (promontorium
854 316 1031 365 Ciliciae
1058 317 1147 377 est,
1167 320 1370 367 inclitum
1398 319 1486 368 foe-

202 391 309 436 dere
340 389 529 452 antiquo
559 389 932 453 Atheniensium)
961 389 991 436 fi
1019 407 1075 437 eo
1101 408 1198 438 non
1233 392 1489 440 contineret

201 463 360 525 copias
381 462 503 522 suas,
531 462 572 510 se
595 463 781 510 obviam
814 464 987 518 ituros-‚3
1016 480 1111 511 non
1140 463 1196 510 ab
1227 463 1338 510 odio
1360 463 1455 510 ullo
1473 500 1488 522 ,

201 537 278 585 sed
310 554 365 583 ne
396 538 616 601 conjungi
648 555 751 585 cum
784 538 997 601 Philippo
1026 551 1310 601 paterentur,
1330 540 1379 586 &
1402 538 1488 585 im-

199 609 463 673 pedimento
485 609 569 656 effe
596 610 813 657 Romanis
832 610 1119 658 liberantibus
1138 613 1378 660 Graeciam.
1395 613 1488 659 Co-

201 684 417 730 racefium
441 701 496 729 eo
518 696 722 746 tempore
744 684 1000 732 Antiochus
1022 686 1234 748 operibus
1255 702 1489 749 oppugna·

201 756 293 803 bat.
327 755 588 819 Zephyrio,
617 756 666 804 ὃς
696 755 840 814 Solis,
862 758 912 803 δε
936 757 1290 819 Aphrodisiade,
1311 760 1360 806 &
1389 757 1490 804 Co-

202 844 353 891 ryco,
386 829 464 885 &,
494 826 700 890 superato
729 827 977 874 Anemurio
1009 826 1413 891 (promontorium
1443 826 1491 874 id

203 918 393 964 quoque
411 900 584 947 Ciliciae
603 899 690 964 est)
711 900 940 947 Selinunte
961 912 1145 963 recepto
1159 935 1172 956 ,
1194 900 1404 947 omnibus
1421 900 1489 947 his

203 972 387 1035 aliisque
404 973 498 1034 ejus
518 989 612 1019 orae
632 972 818 1020 castellis
834 1009 847 1031 ‚
869 985 945 1020 aut
965 986 1086 1021 metu
1099 1009 1112 1031 ,
1129 985 1204 1020 aut
1227 972 1489 1030 voluntate,

202 1044 297 1091 fine
316 1045 582 1102 certamine,
600 1045 646 1091 in
667 1045 945 1093 deditionem
967 1045 1181 1108 acceptis,
1199 1043 1489 1091 Coracefium

204 1132 366 1181 praeter
396 1118 517 1182 spem
548 1119 701 1166 clausis
724 1119 868 1180 portis
898 1118 1078 1166 tenebat
1113 1135 1231 1165 eum.
1260 1117 1325 1164 lbi
1359 1116 1490 1180 legati

201 1191 493 1238 Rhodiorum
531 1190 685 1238 auditi.
720 1193 771 1240 δε
801 1207 1058 1254 quanquam
1089 1207 1140 1237 ea
1171 1189 1336 1253 legatio
1367 1199 1491 1246 erat,

203 1278 306 1324 quae
337 1263 581 1309 accendere
606 1262 776 1326 regium
803 1262 1003 1309 animum
1031 1262 1199 1324 poffet,
1223 1259 1491 1323 temperavit

204 1333 314 1381 il‘ae:
343 1337 419 1394 &,
453 1341 609 1397 legatos
637 1337 689 1398 se
723 1338 921 1382 Rhodum
955 1333 1196 1398 miff'urum,
1227 1331 1492 1395 respondit,

205 1409 336 1469 iisque
354 1411 651 1453 mandaturum
665 1442 680 1465 ,
700 1425 747 1453 ut
763 1423 1003 1454 renovarent
1019 1407 1169 1472 vetusta
1182 1405 1289 1464 jura
1304 1440 1320 1462 ,
1338 1423 1428 1450 cum
1445 1423 1494 1450 ea

204 1483 400 1543 civitate,
409 1483 498 1543 sua
516 1484 800 1542 majorumque·
817 1482 994 1544 filorum
1011 1499 1026 1526 ‚⁸
1049 1479 1090 1526 δ’
1115 1495 1294 1525 vetarem
1321 1497 1387 1524 eos
1410 1481 1493 1524 acl-

206 1570 372 1601 ventum
396 1555 673 1616 pertimescere
701 1556 836 1615 regis,
868 1556 983 1599 nihil
1006 1554 1072 1598 lzis
1097 1569 1173 1597 aut
1188 1552 1325 1611 sociis
1355 1568 1491 1596 eorum

204 1646 329 1673 7202·ae
350 1627 543 1686 futurum
558 1626 773 1686 flaudive.
800 1645 926 1683 nam,
951 1628 1239 1672 Romanorum
1259 1624 1491 1669 amiciciam

193 1702 245 1763 se
269 1720 355 1747 non
380 1704 655 1758 violaturum,
677 1716 918 1762 argumento
937 1697 1116 1760 &sitam
1137 1714 1327 1744 recentem
1350 1699 1409 1742 ad
1425 1715 1493 1743 eos

204 1777 451 1835 legationem
478 1771 572 1837 effe,
594 1771 636 1821 ὃ*
654 1774 829 1832 [ἑκταίας
857 1773 1082 1832 honorifica
1109 1772 1156 1816 in
1173 1771 1225 1831 fi
1246 1774 1402 1816 decreta
1431 1789 1493 1817 re-

192 1848 447 1909 sponfizque.
482 1848 602 1893 Tum
641 1845 761 1893 forte
795 1844 928 1909 legati
963 1843 1185 1890 redierant
1223 1841 1278 1888 ab
1312 1842 1493 1901 Roma,

201 1919 397 1966 comiter
434 1918 573 1966 auditi
609 1918 889 1982 dimiffique,
918 1929 967 1963 ut
998 1928 1172 1978 tempus
1208 1913 1491 1977 postulabat,

203 1990 383 2038 incerto
428 1991 573 2038 adhuc
608 1990 818 2039 adversus
858 1989 1121 2052 Philippum
1159 1999 1329 2034 eventu
1371 1986 1493 2036 belli.

203 2066 323 2112 Cum
343 2065 439 2111 haec
458 2064 592 2127 legati
612 2065 726 2128 regis
752 2064 798 2110 in
820 2063 1046 2111 concione
1070 2061 1361 2108 Rhodiorum
1388 2076 1494 2123 age-

148 2195 151 2197 A
203 2151 327 2198 rent,
350 2139 534 2186 nuntius
559 2139 710 2196 venit,
738 2138 1008 2186 debellatum
1035 2137 1091 2184 ad
1120 2133 1491 2200 Cynoscephalas

201 2212 297 2259 effe.
329 2214 432 2261 Hoc
462 2212 625 2259 nuntio
648 2224 866 2275 accepto,
895 2209 1116 2268 Rhodiis,
1134 2210 1287 2255 demto
1314 2218 1433 2254 metu
1465 2224 1490 2252 a

202 2287 416 2350 Philippo
440 2285 595 2345 omni,
613 2298 705 2333 erat
727 2285 964 2334 confilium
985 2283 1174 2332 obviam
1201 2280 1335 2329 eundi
1362 2279 1491 2326 classe

203 2361 454 2409 Antiocho,
503 2360 625 2407 Illam
660 2361 841 2407 alteram
875 2375 1029 2407 curam
1070 2373 1167 2404 non
1207 2353 1488 2422 omiserunt,

200 2434 380 2484 ruenda
426 2433 642 2485 libertatis
681 2433 920 2482 civitatum
963 2429 1189 2491 sociarum
1224 2425 1489 2482 Ptolemaei,
