1592 2724
282 178 836 229 HISTORIARUM
871 183 998 229 LIB.
1032 182 1211 231 XXXI.
1305 184 1401 247 267

114 287 205 346 vit,
226 298 302 345 ut,
321 287 352 333 fi
374 287 536 346 aedilis,
556 287 637 351 qui
660 303 746 350 pro
768 286 810 333 se
835 285 1031 348 juraret,
1052 288 1266 337 arbitratu
1287 306 1401 337 con-

111 358 254 405 sulum
280 359 428 417 daret,
447 359 651 407 consules
665 394 678 417 ,
698 358 730 404 fi
760 358 823 405 eis
848 359 1106 417 videretur,
1126 377 1228 406 cum
1250 361 1398 407 tribu-

110 430 181 477 nis
204 430 347 493 plebis
381 442 591 495 agerent,
623 430 688 476 uti
715 430 771 476 ad
800 429 976 492 plebem
1006 430 1188 478 ferrent.
1208 433 1400 491 'Datus,

109 503 189 565 qui
213 501 380 563 juraret
397 520 483 567 pro
513 503 646 550 fratre
661 538 676 560 ‚
705 505 754 550 L.
772 503 974 550 Valerius
992 503 1198 563 Flaccus,
1229 517 1401 566 praetor

110 573 372 636 defignatus.
401 574 571 621 tribuni
600 574 656 621 ad
686 574 864 638 plebem
895 575 1125 632 tulerunt,
1159 575 1399 638 plebesque

110 646 244 695 scivit
260 683 274 706 ,
292 660 341 694 ut
362 648 545 711 perinde
565 647 692 706 effer,
716 664 766 694 ac
793 647 825 693 fi
852 647 944 710 ipse
974 648 1112 694 aedilis
1129 646 1320 709 jurasset.
1342 650 1399 695 Et

111 718 168 766 de
187 719 330 766 altero
350 720 478 766 aedile
499 719 658 767 scitum
677 718 819 782 plebis
840 719 901 765 est
926 719 1114 777 fafitum,
1135 720 1400 783 rogantibus

112 793 303 841 tribunis
319 824 334 850 ,
355 811 471 858 quos
491 794 607 841 duos
637 794 684 840 in
707 792 963 855 Hispaniam
995 810 1096 839 cum
1121 793 1314 855 imperio
1342 794 1400 841 ad

52 871 60 878 ’
112 867 337 914 exercitus
361 867 424 914 ire
446 867 679 928 juberent,
699 879 748 913 ut
767 868 822 913 C.
841 866 1083 913 Cornelius
1102 866 1242 913 aedilis
1260 884 1398 915 curu-

112 939 167 986 lis
185 941 239 986 ad
258 939 557 1004 magistratum
579 940 825 1003 gerendum
845 938 1045 997 veniret,
1064 941 1113 987 &
1133 941 1180 987 L.
1204 939 1399 987 Manlius

111 1013 329 1060 Acidinus
348 1013 582 1061 decederet
602 1013 655 1059 de
673 1011 912 1075 provincia
930 1012 1098 1059 multos
1118 1012 1219 1075 post
1237 1030 1399 1060 annos.

114 1085 267 1149 plebes
296 1088 382 1134 Cn.
416 1085 640 1133 Cornelio
672 1085 869 1133 Lentulo
900 1087 951 1133 &
986 1088 1034 1134 L.
1066 1085 1282 1134 Stertinio
1310 1103 1398 1151 pro

113 1159 376 1211 consulibus
394 1160 629 1226 imperium
648 1161 734 1210 effe
758 1160 806 1208 in
825 1160 1035 1226 Hispania
1051 1160 1187 1226 juffit.

489 1363 977 1391 D-—·-—-—'⁸!-—,··*
