1592 2724
171 140 262 206 238
521 139 1088 187 TITILIVII

167 268 272 298 cum
303 251 506 298 revectus
531 265 651 311 equo
682 264 874 311 propere
904 247 1071 311 legatus
1106 247 1225 312 signa
1255 264 1454 296 conver-

166 325 310 384 tiffet,
333 321 629 384 conjectisque
661 319 706 366 in
729 320 925 367 medium
958 320 1137 367 sarcinis
1168 322 1309 368 aciem
1335 322 1453 368 dire-

166 397 324 452 xiffet3
355 413 451 443 non
489 393 631 441 tulere
662 393 876 455 impetum
915 394 1225 440 Romanorum
1259 393 1454 440 militum

168 470 294 534 regii.
336 469 467 517 multi
509 485 566 513 ex
602 467 655 513 iis
684 465 847 523 occisi,
883 466 1031 528 plures
1072 466 1203 527 capti.
1235 468 1454 528 Legatus,

165 544 385 593 incolumi
410 541 611 588 exercitu
640 540 822 586 redufito
853 540 908 586 ad
933 540 1190 599 consulem,
1211 539 1453 586 remittitur

164 619 271 669 inde
299 614 530 676 extemplo
557 614 611 659 ad
644 612 835 660 claffem.

232 690 448 736 XXVIII.
485 687 581 732 Hac
604 684 705 732 satis
732 684 853 732 felici
872 686 1162 747 expeditione
1184 685 1307 732 bello
1329 701 1455 732 com·

167 764 326 822 miffo,
352 759 494 824 reguli
528 775 581 806 ac
611 758 838 821 principes
869 759 1039 805 accolae
1072 759 1377 806 Macedonum
1406 759 1455 805 in

166 838 306 888 castra
331 836 538 881 Romana
559 831 777 891 veniunt,
796 831 1024 878 Pleuratus
1042 831 1298 878 Scerdilaedi
1315 830 1457 889 filius,

166 916 218 961 &
257 907 555 972 Amynander
586 905 888 951 Athamanum
923 921 1034 964 rex,
1057 907 1106 952 &
1140 921 1197 950 ex
1231 903 1455 951 Dardanis

169 990 309 1042 Bato,
332 980 527 1044 Longari
549 978 681 1025 filius.
710 979 879 1024 Bellum
905 978 985 1025 suo
1016 978 1202 1025 nomine
1225 979 1458 1040 Longarus

169 1075 274 1106 cum
296 1051 536 1102 Demetrio
558 1049 749 1112 Philippi
772 1064 895 1112 patre
919 1051 1112 1113 gefferat.
1130 1047 1457 1096 Pollicentibus

169 1129 339 1180 auxilia
365 1124 596 1190 respondit
627 1123 812 1181 consul,
835 1124 1155 1171 Dardanorum
1188 1126 1237 1172 &
1262 1120 1459 1169 Pleurati

168 1220 331 1267 opera,
356 1217 459 1248 cum
487 1197 735 1245 exercitum
766 1196 813 1242 in
845 1197 1160 1245 Macedoniam
1193 1197 1458 1251 induceret,

171 1277 215 1324 se
235 1274 430 1322 usurum.
454 1270 756 1334 Amynandro
770 1269 949 1316 AEtolos
969 1269 1265 1316 concitandos
1287 1268 1342 1315 ad
1361 1267 1458 1314 bel-

170 1349 264 1396 lum
286 1343 502 1393 attribuit.
524 1342 665 1388 Attali
696 1341 848 1405 legatis
869 1343 1003 1403 (nam
1036 1342 1068 1387 ii
1098 1357 1280 1404 quoque
1312 1356 1390 1402 per
1410 1338 1456 1385 id

171 1436 349 1484 tempus
379 1415 630 1479 venerant)
658 1414 867 1473 mandat,
894 1427 944 1461 ut
964 1414 1136 1476 AEginae
1157 1430 1257 1470 rex,
1283 1412 1358 1458 ubi
1389 1411 1456 1456 hi-

169 1495 412 1551 bernabat,
440 1491 614 1539 clafl'em
642 1491 894 1537 Romanam
928 1490 1227 1552 opperiretur.
1266 1503 1356 1550 qua
1384 1484 1459 1531 ad-

171 1570 323 1632 juncta
337 1603 352 1626 ,
370 1564 492 1612 bello
521 1563 746 1609 maritimo
761 1598 774 1621 ‚
796 1563 906 1609 sicut
934 1574 1035 1607 ante
1049 1596 1063 1619 ‚
1085 1560 1346 1622 Philippum
1376 1574 1458 1603 ur-

170 1655 310 1708 geret.
343 1641 417 1687 Ad
437 1638 644 1685 Rhodios
673 1652 858 1699 quoque
877 1634 989 1680 miffi
1020 1634 1174 1697 legati,
1196 1645 1244 1678 ut
1262 1631 1458 1694 capeffe-

171 1728 274 1763 rent
294 1729 462 1778 partem
486 1710 603 1758 belli.
624 1710 721 1756 Nec
741 1708 973 1770 Philippus
997 1705 1169 1769 segnius
1197 1704 1316 1768 (jam
1336 1703 1459 1750 enim

171 1792 221 1837 in
241 1785 556 1836 Macedoniam
585 1781 882 1847 pervenerat)
911 1780 1149 1845 apparabat
1165 1779 1350 1825 bellum.
1384 1775 1459 1822 Fi-

170 1861 282 1908 lium
303 1858 455 1906 Persea
468 1894 482 1916 ,
503 1873 691 1920 puerum
714 1855 954 1902 admodum
968 1890 983 1912 ,
1004 1852 1114 1900 datis
1134 1868 1188 1898 ex
1208 1845 1460 1896 amicorum

171 1949 394 1990 numero,
423 1930 502 1994 qui
521 1943 695 1976 aetatem
720 1927 814 1990 ejus
839 1939 1066 1991 regerent,
1087 1942 1190 1972 cum
1219 1936 1342 1987 parte
1375 1937 1458 1969 co-

174 2007 350 2071 piarum
369 2006 423 2053 ad
445 2002 706 2051 obfidendas
727 2000 967 2064 angustias,
983 2016 1083 2061 quae
1103 1998 1163 2043 ad*
1174 1993 1458 2059 Pelagoniam

172 2079 301 2138 sunt,
323 2076 474 2124 mittit.
503 2075 736 2122 Sciathum
759 2075 810 2120 &
840 2072 1160 2135 Peparethum,
1187 2069 1306 2117 haud
1326 2068 1460 2130 igno-

171 2153 286 2200 biles
320 2150 483 2207 urbes‚
510 2165 566 2194 ne
603 2146 721 2194 claffi
758 2145 955 2192 hostium
988 2143 1150 2207 praedae
1186 2159 1238 2189 ac
1272 2138 1458 2202 praemio

174 2224 343 2281 essent,
375 2220 524 2268 diruit.
554 2219 624 2265 Ad
656 2217 835 2265 AEtolos
869 2216 1005 2263 mittit
1039 2217 1237 2278 legatos,
1260 2228 1316 2258 ne
1349 2225 1456 2274 gens

174 2295 377 2360 inquieta
397 2293 594 2340 adventu
618 2291 933 2337 Romanorum
953 2287 1086 2334 fidem
1108 2296 1311 2332 mutaret.

239 2368 414 2416 XXIX.
447 2363 707 2431 Concilium
726 2362 986 2409 AEtolorum
1013 2360 1173 2406 statuta
1202 2356 1302 2413 die,
1329 2352 1457 2417 quod

175 2439 475 2491 Panaetolium
499 2449 694 2498 vocant,
717 2434 923 2486 futurum
952 2446 1058 2483 erat.
1080 2431 1197 2480 Huic
1218 2442 1268 2477 ut
1288 2444 1457 2476 occur·
