1592 2724
188 151 281 198 274
547 130 1110 178 T1T1mvn

186 245 302 309 ipse,
318 258 422 291 cum
443 241 667 305 Corcyrae
684 237 1099 297 hibernaffet,vere
1120 236 1270 301 primo
1289 237 1335 284 in
1360 248 1477 286 con-⁴

186 321 408 367 tinentem
431 316 634 379 trajectus
650 351 663 373 ‚
686 313 740 360 ad
767 312 940 359 hostem
962 312 1128 359 ducere
1152 312 1311 375 pergit.
1345 313 1479 375 quin-

184 409 275 457 que
301 390 440 437 millia
466 388 604 435 ferme
627 387 681 433 ab
699 385 831 449 regiis
853 383 1002 431 castris
1032 401 1135 431 cum
1157 385 1316 431 abesset
1332 420 1345 442 ‚
1367 384 1477 431 loco

186 462 365 511 munito
397 458 558 505 reliflis
586 456 871 520 legionibus,
895 453 985 517 ipse
1007 471 1110 501 cum
1131 455 1351 517 expeditis
1367 471 1479 518 pro-

185 535 350 601 greffus
383 532 438 578 ad
468 529 732 593 speculanda
762 528 894 584 loca,
922 528 1107 590 postero
1141 528 1211 574 die
1239 529 1477 575 consilium

182 610 340 657 habuit
357 643 369 665 ,
402 618 551 653 utrum
573 621 653 666 per
673 602 876 649 insessum
904 602 960 649 ab
986 601 1113 649 hoste
1133 601 1287 648 saltum
1303 639 1318 660 ‚
1340 619 1479 666 quan-

186 701 324 750 quam
361 681 489 728 labor
529 679 684 742 ingens
723 676 1067 739 periculumque
1108 678 1444 739 proponeretur
1462 712 1477 735 ,

184 758 419 806 transitum
453 765 671 808 tentarem
702 769 758 798 an
793 751 956 798 eodem
984 750 1174 810 itinere,
1202 768 1297 815 quo
1326 752 1478 814 priore

186 847 311 881 anno
331 828 556 892 Sulpicius
575 825 893 874 Macedoniam
912 824 1189 881 intraverat,
1218 825 1478 872 circumdu-

187 916 309 955 ceret
341 901 511 964 copias.
545 901 648 946 Hoc
678 898 914 946 confilium
951 913 1031 959 per
1055 896 1224 944 multos
1260 897 1352 944 dies
1385 897 1480 961 agi-

185 977 301 1026 tanti
322 974 507 1021 nuntius
525 972 679 1030 venit,
695 973 751 1018 T.
765 969 1030 1029 Quinctium
1046 966 1276 1014 consulem
1293 967 1452 1014 factum
1464 1004 1480 1027 ‚

186 1047 490 1110 sortitumque
534 1041 825 1107 provinciam
864 1039 1179 1087 Macedoniam
1199 1074 1213 1097 ,
1252 1051 1480 1087 maturato

182 1123 348 1172 'ttinere
369 1120 456 1181 jam
474 1119 733 1181 Corcyram
758 1113 988 1176 trajecisse.
1010 1113 1220 1161 Valerius
1239 1115 1392 1162 Antias
1411 1116 1480 1161 in-

185 1195 314 1244 traffe
346 1193 506 1240 saltum
534 1189 725 1235 Villium
752 1186 886 1233 tradit
905 1222 918 1244 ,
950 1185 1053 1248 quia
1073 1185 1196 1232 recto
1218 1185 1377 1233 itinere
1400 1205 1481 1234 ne-

188 1267 384 1334 quierit,
422 1262 636 1310 omnibus
664 1278 686 1307 a
717 1276 820 1324 rege
852 1258 1040 1317 inseffis,
1067 1258 1268 1305 secutum
1295 1257 1481 1319 vallem,

183 1356 268 1404 per
285 1352 421 1400 quam
451 1332 642 1379 mediam
665 1331 805 1379 fertur
826 1333 950 1378 Aous
971 1330 1113 1378 amnis
1126 1347 1140 1387 3
1160 1341 1300 1394 ponte
1317 1332 1481 1394 raptim

185 1413 333 1469 facto,
369 1409 414 1454 in
437 1407 604 1470 ripam,
643 1404 689 1451 in
719 1421 807 1469 qua
829 1415 956 1451 erant
984 1403 1122 1452 castra
1152 1403 1300 1467 regia,
1334 1404 1480 1450 trans-

187 1484 377 1552 greffum
400 1481 491 1529 acie
512 1478 765 1527 conflixisse
783 1498 793 1525 :
825 1477 967 1525 fusum
987 1477 1282 1542 fugatumque
1301 1495 1479 1542 regem,

186 1557 336 1608 castris
368 1566 581 1603 exutum:
615 1552 857 1603 duodecim
879 1551 1018 1597 millia
1044 1550 1238 1597 hostium
1269 1567 1326 1597 eo
1354 1568 1479 1613 proe-

186 1635 253 1681 lio
284 1630 393 1680 caesa
413 1666 427 1690 ‚
458 1642 586 1691 capta
618 1627 711 1673 duo
737 1625 876 1673 millia
908 1627 957 1673 &
988 1625 1209 1672 ducentos
1230 1658 1244 1680 ,
1278 1625 1328 1671 &
1359 1624 1480 1689 signa

186 1704 396 1754 militaria
431 1714 612 1751 centum
635 1698 814 1763 triginta
843 1698 963 1755 duo,
991 1712 1135 1761 equos
1156 1696 1376 1745 ducentos
1396 1697 1479 1744 tri-

187 1782 326 1846 ginta.
361 1776 499 1823 aedem
520 1774 655 1822 etiam
675 1772 779 1819 Jovi
798 1771 842 1817 in
865 1787 921 1817 eo
943 1768 1116 1832 proelio
1140 1781 1297 1817 votam
1313 1804 1326 1827 ‚
1352 1769 1383 1815 fi
1407 1786 1478 1816 res

186 1852 401 1917 prospere
427 1849 545 1914 gesta
568 1847 685 1895 effet-
717 1844 871 1893 Ceteri
892 1842 1045 1890 Graeci
1064 1841 1302 1905 Latinique
1324 1843 1479 1889 aucto-

185 1944 255 1974 res
277 1962 291 1983 ,
323 1942 519 1989 quorum
556 1922 739 1986 quidem
768 1935 854 1983 ego
887 1916 974 1981 legi
1004 1914 1211 1974 annales,
1244 1915 1357 1962 nihil
1385 1933 1480 1963 me-

187 1998 405 2046 morabile
428 2015 449 2043 a
469 1995 613 2041 Villio
636 1995 777 2041 achim
792 2029 806 2051 ,
835 1990 1149 2054 integrumque
1175 1988 1343 2036 bellum
1361 1988 1478 2036 inse·-

186 2083 401 2137 quentem
423 2068 654 2116 consulem
679 2067 736 2112 T.
760 2063 1027 2126 Quinctium
1047 2061 1262 2126 accepiffe
1280 2061 1479 2110 tradunt.

251 2147 349 2191 VII.
375 2148 499 2194 Dum
515 2142 610 2187 haec
628 2140 674 2186 in
692 2136 962 2185 Macedonia
982 2147 1224 2199 geruntur,
1243 2135 1400 2183 consul
1416 2134 1480 2181 al-

186 2230 255 2267 ter
274 2221 321 2266 L.
338 2217 572 2278 Lentulus,
594 2214 670 2279 qui
686 2215 846 2260 Romae
867 2212 1139 2266 substiterat,
1168 2210 1352 2258 comitia
1372 2225 1479 2257 cen-

187 2293 363 2340 soribus
380 2291 583 2341 creandis
604 2290 775 2337 habuit.
798 2288 953 2334 Multis
981 2287 1110 2335 claris
1131 2286 1384 2350 petentibus
1404 2284 1477 2333 vi—

183 2368 248 2415 ris
265 2405 276 2425 ‚
315 2366 452 2415 creati
483 2363 689 2412 censores
715 2363 761 2410 P.
783 2361 1024 2408 Cornelius
1050 2359 1203 2424 Scipio
1241 2358 1476 2407 Africanus

187 2442 239 2489 z&
270 2442 319 2491 P³
353 2439 495 2489 AElius
529 2439 688 2486 Paetus.
732 2436 808 2495 hi,
849 2451 1012 2499 magna
1046 2433 1162 2481 inter
1198 2431 1240 2480 se
1275 2447 1475 2480 concor-
