1592 2724
196 153 285 202 288
543 110 1128 194 T1T1L1v11v

194 259 368 323 templo
400 257 496 304 vita
523 273 573 303 ac
598 255 777 302 libertas
805 251 1013 300 concessa
1045 249 1137 296 est:
1160 244 1489 295 Macedonibus

194 332 367 382 treceni
388 330 558 377 nummi
578 329 623 374 in
645 328 790 391 capita
811 327 1018 373 statutum
1042 324 1102 371 est
1130 324 1347 386 pretium,
1366 325 1414 370 &
1437 331 1489 367 ut

197 405 332 453 armis
350 403 519 450 traditis
542 401 727 447 abirent.
753 401 849 444 Hac
868 398 1034 444 summa
1054 395 1269 452 redemti,
1287 395 1334 440 in
1351 397 1491 441 Boeo-

197 476 307 524 tiam
327 476 516 521 inermes
538 471 721 533 trajecti.
750 469 942 516 Navales
967 468 1141 531 copiae,
1168 467 1334 513 duabus
1362 464 1492 513 claris

199 548 386 596 urbibus
420 546 607 592 Euboeae
638 543 754 588 intra
785 542 877 588 dies
901 556 1073 603 paucos
1103 540 1265 602 captis,
1297 539 1493 585 circum-

200 622 345 668 νθᾶεε
374 617 561 664 Sunium
596 613 754 660 Atticae
784 625 913 659 terrae
940 610 1313 673 promontorium
1332 645 1345 666 ‚
1367 609 1492 653 Cen-

202 694 359 741 chreas
392 687 742 736 Corinthiorum
768 684 1024 745 emporium
1046 684 1286 745 petierunt.
1319 679 1494 728 Consul

204 764 383 812 interim
409 759 616 825 omnium
639 757 712 819 spe
737 756 992 818 longiorem
1021 755 1390 816 atrocioremque
1409 769 1494 815 op-

202 835 531 901 pugnationem
564 830 748 878 habuit:
782 831 831 875 &
861 845 939 885 ea,
966 844 1053 891 qua
1079 827 1314 873 minimum-
1350 824 1497 871 credi-

204 909 357 965 disset,
388 904 644 952 resistebant
670 901 833 948 hostes.
869 916 972 946 nam
1004 915 1189 946 omnem
1219 898 1421 944 laborem
1449 896 1496 941 in

205 998 339 1029 muro
371 978 591 1025 diruendo
624 975 872 1023 crediderat
902 973 1002 1020 fore
1028 991 1038 1018 ε
1062 972 1092 1018 si
1125 971 1294 1018 aditum
1321 969 1499 1016 armatis

206 1055 256 1102 :in
285 1054 443 1102 urbem
478 1048 773 1114 patefecisset,
807 1047 955 1110 fugam
987 1045 1102 1095 inde,
1122 1044 1382 1106 caedemque
1414 1042 1502 1088 ho-

208 1128 338 1175 stiurn
370 1125 497 1183 fore,
532 1123 674 1187 qualis
704 1120 845 1183 captis
875 1119 1059 1166 urbibus
1095 1117 1192 1163 fieri
1220 1116 1346 1163 solet.
1378 1129 1501 1163 cete-

209 1219 310 1249 rum
342 1199 598 1263 postquam,
633 1208 757 1259 parte
791 1193 908 1239 muri
946 1191 1157 1238 arietibus
1188 1190 1388 1247 decussa,
1423 1206 1503 1251 per

210 1274 321 1339 ipsas
350 1271 501 1319 ruinas
524 1268 894 1316 transcenderunt
922 1264 969 1310 in
999 1265 1158 1311 urbem
1184 1263 1369 1321 armati,
1392 1262 1506 1308 illud
1534 1319 1537 1322 ἢ

213 1344 486 1412 principium
518 1342 649 1389 velut
685 1340 802 1387 novi
839 1351 971 1402 atque
1007 1337 1169 1402 integri
1202 1336 1371 1383 laboris
1405 1335 1507 1383 fuit.

213 1437 318 1467 nam
347 1416 646 1470 Macedones,
675 1412 756 1477 qui
782 1413 828 1458 in
855 1410 1062 1474 praesidio
1083 1419 1209 1455 erant
1237 1410 1286 1456 &
1307 1407 1508 1454 multi&

214 1493 398 1549 deleffl,
419 1490 610 1555 gloriam
632 1489 764 1536 etiam
783 1485 1004 1551 egregiam
1026 1485 1136 1543 rati,
1154 1483 1185 1530 fi
1205 1482 1337 1529 armis
1355 1481 1508 1544 potius

215 1570 266 1615 &
285 1566 477 1623 virtute,
499 1580 632 1627 quam
652 1561 881 1608 moenibus
897 1592 912 1615 ,
935 1559 1092 1605 urbem
1112 1568 1366 1613 tuerentur,
1388 1570 1508 1601 con-

216 1641 348 1698 ferti,
382 1637 588 1702 pluribus
634 1634 851 1683 introrsus
889 1632 1126 1690 ordinibus
1169 1629 1263 1676 acie
1301 1627 1507 1685 firmata,

216 1731 323 1762 cum
350 1711 663 1758 transcendere
696 1707 846 1754 ruinas
881 1705 1105 1752 sensissent
1135 1705 1401 1759 Romanos,
1430 1718 1510 1764 per

215 1787 481 1851 impeditum
502 1802 553 1832 ac
583 1783 811 1830 difficilem
835 1782 890 1828 ad
917 1792 1147 1842 receptum
1181 1778 1335 1824 locum
1364 1791 1510 1836 expu-

217 1861 384 1906 lerunt.
420 1858 470 1904 Id
493 1856 649 1903 consul
667 1871 781 1918 aegre
803 1851 946 1915 passus
960 1888 974 1910 ‚
995 1867 1076 1896 nec
1095 1866 1192 1896 eam
1213 1846 1512 1911 ignominiam

220 1932 277 1979 ad
302 1930 438 1976 unius
467 1929 610 1975 modo
643 1926 949 1989 expugnandae
976 1939 1151 1969 moram
1176 1920 1327 1976 urbis,
1355 1918 1426 1965 sed
1457 1917 1512 1963 ad

220 2004 437 2052 summam
471 2001 668 2050 universi
697 2000 826 2057 belli,
858 1997 1079 2061 pertinere
1116 2007 1264 2052 ratus,
1298 1991 1424 2056 quod
1455 2007 1513 2037 ex

221 2077 466 2125 momentis
495 2091 736 2138 parvarum
776 2073 1042 2135 plerumque
1075 2085 1224 2115 rerum
1267 2066 1513 2129 penderet,

223 2161 418 2215 purgato
450 2148 584 2204 loco,
609 2146 689 2209 qui
718 2145 858 2207 strage
884 2142 1080 2189 semiruti
1113 2139 1231 2187 muri
1262 2137 1515 2187 cumulatus

223 2233 347 2278 erat,
369 2233 536 2266 turrem
571 2217 763 2282 ingentis
792 2209 1062 2273 altitudinis,
1087 2230 1292 2276 magnam
1319 2211 1414 2257 vim
1442 2227 1515 2256 ar-

222 2308 451 2343 matorum
467 2292 706 2355 multiplici
725 2291 927 2337 tabulato
948 2301 1207 2352 portantem
1223 2319 1236 2342 ‚
1253 2284 1513 2349 promovit:

225 2373 278 2418 &
308 2369 521 2417 cohortes
543 2367 741 2414 invicem
774 2365 850 2411 sub
881 2364 1040 2427 fignis,
1071 2380 1173 2425 quae
1203 2376 1392 2407 cuneum
1418 2359 1516 2403 Ma-

225 2444 478 2504 cedonum,
515 2440 814 2507 (phalangem
843 2438 924 2502 ipsi
945 2435 1149 2500 vocant)
1181 2434 1212 2482 fi
1233 2432 1437 2499 possent,
1467 2429 1517 2480 vi
