1592 2724
288 197 845 249 HISTORIARUM
881 195 1007 241 LIB.
1043 194 1218 240 XXIX.
1318 208 1401 256 ¹33

126 327 183 358 ex
206 308 460 372 composito
473 345 488 368 2
507 322 628 353 nunc
646 300 877 359 terrentis,
892 317 1011 347 nunc
1027 299 1225 346 timentis
1240 299 1410 356 modo,

124 398 200 430 aut
225 381 326 445 ipsis
349 378 642 444 obequitabat
668 376 840 439 portis,
870 386 947 420 aut
972 372 1196 430 cedendo,
1225 389 1328 418 cum
1348 371 1409 417 ti-

123 454 266 502 moris
301 453 526 501 fimulatio
558 449 788 499 audaciam
824 446 941 494 hosti
980 445 1170 503 faceret,
1204 447 1258 492 ad
1291 444 1409 491 inse-

124 527 353 591 quendum
382 527 556 572 temere
576 522 797 570 eliciebat..
829 519 1046 566 Nondum
1070 533 1232 564 omnes
1255 516 1409 580 egressi

125 612 254 647 erant
272 635 287 658 ,
316 598 530 660 varieque
560 596 650 642 dux
675 593 964 658 fatigabatur,
987 591 1099 637 alios
1129 588 1243 636 vino
1271 591 1319 636 &
1338 587 1411 634 so-

127 688 239 718 mno
260 686 415 733 graves
442 685 562 716 arma
594 683 779 730 capere,
801 667 851 713 &
878 665 1051 711 frenare
1075 677 1216 726 equos
1236 677 1410 726 cogen-

127 745 219 803 do,
241 743 366 801 aliis,
394 758 450 789 ne
483 741 613 804 sparsi
644 743 693 788 &
723 738 948 787 inconditi
979 737 1070 783 fine
1103 736 1288 793 ordine,
1318 735 1410 781 fine

127 815 260 878 fignis
281 814 494 861 omnibus
514 812 657 876 portis
676 821 988 868 excurrerent,
1012 808 1281 856 obfistendo.
1308 805 1412 852 Pri-

127 901 206 932 mo
227 885 402 931 incaute
421 884 461 930 se
486 884 726 930 evehentes
745 881 966 929 Masinissa
994 880 1244 943 excipiebat
1264 898 1274 926 ε
1296 895 1409 925 mox

128 960 280 1023 plures
306 958 436 1005 fitnul
466 957 661 1008 conferti
687 970 819 1021 porta
840 956 961 1005 effufi
992 967 1282 1020 aequaverant
1312 969 1410 1001 cer-

129 1044 279 1078 tamen
297 1049 308 1078 ε
329 1030 556 1094 postremo
572 1067 586 1089 ,
605 1030 690 1092 jam
712 1030 860 1078 omnis
878 1029 1100 1092 equitatus
1121 1027 1287 1091 proelio
1306 1043 1410 1074 cum

130 1107 318 1167 adesset,
338 1107 533 1154 sustineri
561 1107 677 1153 ultra
705 1105 934 1170 nequiere.
964 1105 1074 1150 Non
1097 1116 1244 1149 tamen
1275 1100 1412 1148 effusa

131 1181 237 1245 fuga
257 1182 472 1228 Mafiniffa
485 1216 499 1239 ,
519 1180 591 1227 sed
612 1180 814 1228 cedendo
842 1178 994 1225 senfim
1009 1213 1023 1235 ,
1042 1177 1236 1239 impetus
1252 1191 1412 1222 eorum

133 1254 415 1316 excipiebat:
441 1255 587 1302 donec
619 1253 674 1300 ad
705 1252 903 1299 tumulos
931 1263 1128 1314 tegentes
1152 1250 1413 1295 Romanum

132 1327 379 1390 equitatum
402 1326 628 1390 pertraxit.
661 1326 767 1372 Inde
793 1325 942 1372 exorti
960 1323 1154 1386 equites,
1172 1321 1318 1385 &ipsi
1340 1321 1414 1368 in-

133 1397 270 1460 tegris
292 1396 491 1455 viribus,
512 1398 562 1444 δε
582 1395 835 1443 recentibus
862 1393 987 1457 equis
1001 1429 1016 1452 ,
1036 1392 1253 1440 Hannoni
1271 1391 1416 1438 Afris-

136 1486 226 1532 que
255 1469 496 1532 pugnando
521 1486 572 1516 ac
598 1468 823 1532 sequendo
854 1467 968 1514 feffis
995 1466 1036 1513 se
1057 1464 1378 1514 circumfudere
1400 1479 1415 1512 ε

136 1546 187 1591 &
208 1542 426 1589 Mafiniffa
442 1577 456 1601 ,
476 1541 604 1589 flexis
632 1541 783 1589 subito
804 1540 928 1604 equis
942 1577 956 1599 ,
974 1540 1021 1587 in
1047 1556 1241 1606 pugnam
1268 1538 1418 1587 rediit.

137 1616 266 1663 Mille
287 1615 425 1663 ferme
440 1651 455 1674 ,
477 1615 555 1678 qui
580 1614 714 1678 primi
743 1613 930 1679 agminis
959 1612 1156 1671 fuerant,
1180 1625 1230 1658 ut
1256 1611 1421 1675 quibus

138 1692 257 1739 haud
280 1691 423 1739 facilis
446 1702 650 1752 receptus
675 1687 759 1735 fuit
774 1723 788 1747 ,
809 1705 911 1735 cum
933 1685 1029 1750 ipso
1057 1686 1169 1732 duce
1191 1686 1424 1732 Hannone

139 1764 365 1812 interclusi
379 1776 512 1828 atque
526 1762 744 1810 interfecti
761 1761 872 1809 sunt.
907 1775 1080 1808 ceteros
1094 1795 1108 1817 ,
1123 1758 1248 1806 ducis
1262 1759 1420 1821 praeci-

140 1854 227 1901 pue
245 1836 425 1885 territos
443 1836 588 1895 caede,
602 1834 735 1882 effuse
748 1833 966 1898 fugientes
979 1848 1058 1895 per
1076 1830 1160 1878 tria
1171 1830 1310 1878 millia
1323 1831 1418 1894 pas«³

142 1909 266 1957 suum
278 1909 474 1958 vietores
488 1903 654 1969 secuti,
666 1909 721 1955 ad
735 1908 826 1954 duo
840 1918 1053 1970 praeterea
1064 1904 1204 1952 millia
1220 1905 1424 1969 equitum

144 1996 223 2030 aut
240 1995 477 2047 ceperunt,
495 1994 572 2030 aut
591 1982 874 2030 occiderunt.
890 1980 1007 2027 inter
1024 1995 1102 2026 eos
1120 1978 1218 2026 sati5
1246 1978 1423 2027 consta-

143 2056 247 2111 bat,
268 2072 363 2104 non
382 2055 532 2102 minus
557 2056 778 2103 ducentos
799 2051 1228 2116 Carthaginiensium
1251 2051 1428 2115 equites

145 2127 295 2185 fuiffe,
314 2128 366 2175 δι
383 2127 554 2174 divitiis
570 2126 787 2190 quosdam
805 2127 855 2173 &
874 2142 1034 2189 genere
1053 2124 1258 2172 illustres⁸

211 2202 413 2248 XXXV.
448 2200 619 2247 Eodem
642 2199 789 2257 forte,
809 2215 901 2263 quo
924 2199 1019 2247 haec
1050 2198 1165 2263 gesta
1196 2197 1324 2257 sunt,
1353 2196 1430 2244 die

147 2290 283 2323 naves
303 2309 317 2332 ,
352 2289 456 2336 quae
488 2273 682 2336 praedam
719 2272 766 2319 in
802 2271 999 2320 Siciliam
1035 2282 1289 2326 vexerant,
1323 2286 1432 2316 cum*

149 2362 405 2398 commeatu
423 2347 621 2403 rediere;
653 2346 783 2394 vehit
811 2346 1050 2403 ominatae,
1072 2345 1127 2391 ad
1145 2343 1338 2407 praedam
1363 2341 1433 2388 a}-

152 2433 292 2468 teram
320 2418 604 2483 repetendam
638 2417 724 2465 sese
755 2417 938 2466 veniffe.
976 2418 1109 2465 Duos
1142 2415 1302 2463 eodem
1336 2431 1430 2462 no-

152 2496 273 2542 mine
307 2491 742 2557 Carthaginiensium
771 2491 910 2542 duces
942 2490 1121 2539 duobus
1153 2486 1435 2553 equestribus

1096 2565 1173 2628 15
