1592 2724
209 159 298 209 252
558 141 1121 194 T1T1L1v11

199 250 276 297 est.
305 249 518 314 responso
536 262 710 299 tantum
733 253 868 310 dato,
901 271 1031 300 mane
1060 254 1241 316 postero
1274 253 1346 303 die
1382 253 1482 303 fore'

199 323 382 385 copiam
403 325 738 383 conveniendi,
762 326 806 372 id
833 327 959 388 quod
988 327 1218 390 quaefitum
1240 340 1362 387 erat,
1383 345 1482 375 nov:

197 394 376 457 dieique
406 395 675 460 insequentis
697 414 795 459 pars
816 398 868 443 ad
901 398 1252 460 praecipiendum
1277 400 1360 447 iter
1377 401 1486 447 Phi-

199 467 327 530 lippo
357 469 457 516 data
489 469 564 516 est.
599 483 803 526 montes,
835 488 968 533 quam
998 471 1119 518 viam
1148 489 1243 519 non
1268 472 1487 537 ingressu*

197 555 298 586 rum
330 541 457 603 gravi
484 542 660 604 agmine
693 543 949 588 Romanum
982 542 1176 601 sciebat,
1197 544 1318 606 petit.
1354 546 1482 591 Con-

200 611 288 669 sul,
314 613 456 674 prima
480 612 579 660 luce
610 614 902 661 caduceatore
923 615 1034 662 datis
1055 616 1243 663 induciis
1271 616 1447 662 dimisso
1463 628 1481 673 ,'

198 685 318 731 haud
352 685 412 731 ita
447 686 593 732 multo
626 687 733 748 »post
765 687 895 734 abiffe
930 689 1100 736 hostem
1135 708 1240 738 cum
1273 691 1488 740 senfiffeto⁴

199 755 378 819 ignarus
405 774 494 820 qua
523 757 804 822 sequeretur,
833 760 984 807 iisdem
1014 762 1183 811 stativis
1204 763 1485 810 frumentan-

200 831 261 877 do
289 831 380 877 dies
403 831 578 894 aliquot
611 832 865 880 consumsit.
898 835 1130 882 Stuberam
1156 837 1316 884 deinde
1347 839 1486 900 petit,

199 915 333 967 atque
351 920 406 949 ex
428 904 669 967 Pelagonia
694 905 966 953 frumentum
985 944 997 965 ‚
1016 909 1142 970 quod
1168 910 1212 955 in
1234 910 1348 974 agris
1365 923 1484 968 erat,

201 975 439 1023 convexit.
477 976 583 1023 inde
617 978 670 1024 ad
697 978 933 1024 Pluvinam
963 979 1024 1024 est
1051 981 1332 1042 progreffus,
1365 999 1485 1028 non-

199 1048 306 1093 dum
343 1061 611 1110 comperto,
643 1065 777 1111 quam
811 1048 1041 1111 regionem
1076 1050 1224 1097 hostes
1263 1052 1485 1114 petissent,

200 1119 458 1181 Philippus,
482 1136 582 1165 cum
611 1120 760 1181 primo
787 1121 841 1165 ad
860 1121 1103 1183 Bryanium
1125 1121 1282 1170 stativa
1303 1123 1484 1170 habuis-

198 1189 292 1248 set,
326 1191 551 1253 profe&us
581 1191 684 1238 inde
715 1191 971 1238 transversis
993 1193 1235 1252 limitibus,
1261 1210 1485 1244 terrorem

197 1263 392 1325 praebuit
425 1263 621 1310 subitum
645 1264 774 1311 hosti.
808 1267 1001 1314 Movere
1030 1266 1175 1330 itaque
1208 1284 1263 1314 ex
1290 1268 1484 1316 Pluvina

197 1335 423 1393 Romani,
444 1337 494 1384 δέ
512 1337 568 1382 ad
588 1336 844 1400 Osphagum
864 1337 1037 1384 flumen
1061 1338 1308 1400 posuerunt
1334 1340 1485 1389 castra.

199 1409 300 1454 Rex
332 1409 447 1454 haud
481 1410 644 1471 procul
674 1410 776 1456 inde
803 1412 853 1458 &
880 1411 970 1474 ipse
989 1447 1003 1469 ‚
1030 1412 1154 1458 vallo
1182 1412 1311 1475 super
1340 1413 1481 1476 ripam

198 1482 342 1528 amnis
359 1482 494 1528 duflo
509 1518 522 1539 ,
552 1482 830 1546 (Erigonum
852 1483 1015 1530 incolae
1040 1486 1240 1547 vocant)
1264 1486 1482 1533 consedit.

197 1557 306 1602 Inde
327 1554 424 1601 satis
443 1567 679 1617 comperto
694 1592 707 1613 ,
728 1558 961 1602 Eordaeam
980 1557 1203 1619 petituros
1225 1561 1484 1618 Romanos,

199 1628 253 1673 ad
281 1628 563 1690 occupandas
592 1628 838 1691 angustias,
868 1647 923 1676 ne
953 1629 1153 1692 superare
1183 1631 1331 1678 hostes
1354 1633 1483 1680 arffis

198 1701 402 1748 faucibus
425 1702 640 1749 inclusum
659 1702 828 1749 aditum
845 1704 1041 1765 poss'ent,
1058 1706 1285 1767 praeceffit.
1310 1705 1371 1752 ibi
1392 1706 1478 1752 alia

198 1777 323 1824 vallo
339 1813 353 1834 ,
371 1776 454 1823 alia
477 1775 610 1834 fossa,
631 1777 716 1824 alia
735 1777 933 1840 lapidum
956 1779 1166 1841 congerie
1180 1816 1193 1836 ,
1214 1791 1262 1826 ut
1279 1796 1365 1843 pro
1383 1797 1481 1826 mu-

198 1867 252 1897 ro
273 1851 432 1909 ess'ent,
457 1850 539 1896 alia
553 1849 787 1897 arboribus
804 1851 1013 1912 objeftis,
1030 1853 1088 1898 ita
1114 1866 1164 1898 ut
1186 1853 1311 1899 locus
1331 1853 1483 1915 postu-

197 1924 343 1981 labat,
376 1937 448 1970 aut
475 1923 656 1970 materia
685 1924 1014 1987 suppeditabat,
1043 1925 1313 1987 permuniit3
1343 1938 1480 1989 atque

201 1996 284 2060 (ut
316 1997 405 2058 ipse
442 1997 650 2058 rebatur)
689 1997 809 2044 viam
847 1997 998 2059 suapte
1032 2009 1191 2045 natura
1225 1997 1484 2054 difficilem,

200 2067 388 2128 objeffis
408 2084 486 2130 per
511 2083 669 2114 omnes
698 2068 905 2115 tranfitus
926 2068 1169 2130 operibus,
1199 2069 1483 2133 inexpugna-

200 2141 337 2188 bilem
364 2140 484 2188 fecit.
517 2143 654 2186 Erant
672 2140 884 2204 pleraque
904 2140 1115 2188 silvestria
1134 2141 1278 2196 circa,
1299 2140 1482 2187 incom-

202 2213 337 2261 moda
366 2212 570 2276 phalangi
591 2211 783 2259 maxime
802 2214 1132 2259 Macedonum:
1154 2230 1286 2276 quae,
1306 2213 1383 2259 nifi
1402 2212 1483 2260 ubi

201 2286 444 2350 praelongis
464 2286 593 2332 hastis
614 2285 738 2334 velut
757 2286 929 2333 vallum
955 2299 1056 2332 ante
1081 2285 1271 2349 clypeos
1291 2284 1485 2347 objecit,

204 2358 358 2422 (quod
388 2370 438 2406 ut
464 2357 567 2417 fiat,
597 2357 737 2404 libero
760 2375 921 2421 campo
943 2375 1058 2421 opus
1087 2358 1175 2421 est)
1212 2357 1375 2403 nullius
1400 2358 1482 2404 adv-

207 2428 394 2475 modum
421 2427 524 2478 usus
555 2427 631 2475 est.
665 2429 864 2476 Thracas
895 2445 1078 2493 quoque
1105 2428 1343 2492 romphaeae
1361 2463 1377 2487 ,
1408 2427 1483 2477 ine

390 2535 396 2559 J
