1592 2724
178 168 240 216 30
526 148 1085 195 Tt'rtLivti

180 259 273 322 ejus
302 270 431 306 terrae
460 273 539 304 rex
557 293 572 315 ‚
603 256 726 303 bello
757 256 843 318 jam
873 266 1082 316 expertus
1111 252 1230 316 ipsos
1266 250 1457 299 Cartha=

178 330 395 399 ginienses
415 365 429 387 ‚
461 328 624 376 finibus
652 328 782 375 etiam
813 327 940 390 regni
972 337 1073 388 apte
1101 326 1156 371 ad
1175 323 1458 386 Hispaniam,

180 403 306 468 quod
325 401 442 448 freto
461 401 626 464 exiguo
644 399 936 457 dirimuntur,
958 396 1129 460 positis.
1160 395 1360 458 Dignam
1379 393 1462 440 ita-

178 493 267 540 que
297 492 392 522 rem
418 473 572 536 Scipio
604 485 722 519 ratus
743 507 758 530 ,
791 490 920 536 quae,
955 470 1172 535 quoniam
1207 485 1303 514 non
1334 466 1462 514 aliter

179 548 349 613 posset,
379 563 541 610 magno
567 537 770 608 periculo
797 557 1022 607 peteretur
1038 580 1052 600 ,
1082 545 1130 590 L.
1151 540 1325 588 Marcio
1344 541 1461 587 Tar-

179 636 350 669 racone
366 654 380 677 ,
414 620 478 665 M.
495 618 648 664 Silano
670 617 941 680 Carthagine
970 618 1105 663 Nova
1121 650 1135 673 ‚
1157 629 1250 677 quo
1274 609 1463 674 pedibus

178 695 235 741 ab
253 693 513 738 Tarracone
533 691 765 736 itineribus
788 689 957 752 magnis
981 688 1115 744 ierat,
1134 686 1190 734 ad
1208 683 1463 748 praefidium

181 764 409 828 Hispaniae
429 762 616 819 reliffis,
643 760 734 824 ipse
760 778 861 808 cum
887 762 941 807 C.
962 761 1099 806 Laelio
1129 760 1298 806 duabus
1326 755 1465 819 quin-

182 836 469 901 queremibus
488 835 542 882 ab
564 833 834 895 Carthagine
854 832 1080 895 profestus
1103 828 1348 893 tranquillo
1368 844 1466 874 ma·-

178 912 220 958 ri
240 909 483 974 plurimum
503 908 658 966 remis,
677 907 900 953 interdum
918 905 1074 953 &leni
1091 903 1332 966 adjuvante
1351 918 1465 948 ven-

183 998 235 1032 to
266 985 314 1031 in
331 982 530 1030 Africam
550 980 737 1043 trajecit.
768 983 900 1026 Forte
921 979 982 1024 ita
1009 977 1199 1035 incidit,
1222 992 1271 1022 ut
1289 993 1345 1023 eo
1365 973 1464 1037 ipso

126 1052 133 1066 x
182 1070 390 1120 tempore
419 1053 666 1102 Hasdrubal
702 1051 849 1114 pulsus
877 1050 1117 1114 Hispania,
1142 1048 1307 1111 septem
1330 1046 1466 1093 trire-

179 1130 332 1178 mibus
359 1141 542 1192 portum
575 1126 806 1183 inveCffls,
843 1124 1022 1171 ancoris
1050 1122 1207 1186 pofitis
1231 1133 1359 1168 terrae
1384 1135 1466 1180 ap-

184 1203 371 1264 plicaret
397 1216 560 1255 naves3
589 1214 689 1246 curn
717 1197 964 1259 conspeElae
992 1196 1090 1256 duae
1118 1194 1467 1257 quinqueremes

187 1275 306 1321 haud
334 1273 542 1335 cuiquam
572 1270 742 1326 dubio,
773 1268 886 1332 quin
905 1267 1098 1314 hostium
1118 1267 1278 1323 essent,
1306 1262 1467 1326 oppri-

183 1348 341 1409 mique
356 1362 380 1392 a
395 1344 597 1408 pluribus
610 1379 623 1400 ‚
639 1340 895 1405 priusquam
913 1353 1094 1403 portum
1109 1339 1351 1391 intrarent,
1366 1333 1468 1398 pos-

188 1417 283 1466 sent
298 1454 313 1474 ,
334 1417 446 1463 nihil
473 1415 614 1473 aliud,
636 1431 768 1478 quam
789 1413 1031 1460 tumultum
1049 1429 1101 1458 ac
1122 1408 1468 1473 trepidationem

188 1488 318 1535 simul
337 1487 533 1534 militum
555 1503 607 1533 ac
630 1497 866 1532 nautarum
884 1520 899 1542 ‚
927 1482 1229 1547 nequidquam
1258 1494 1470 1542 armaque

191 1563 242 1608 δε
266 1576 404 1608 naves
422 1558 781 1622 expedientium,
798 1557 1017 1604 fecerunt.
1050 1554 1249 1618 percussa
1275 1551 1393 1600 enim
1411 1567 1469 1596 ex

189 1634 285 1679 alto
316 1633 415 1679 vela
432 1631 567 1694 paulo
603 1630 768 1677 acriori
792 1641 934 1676 vento
967 1628 1089 1692 prius
1119 1627 1165 1674 in
1185 1637 1371 1689 portum
1402 1623 1471 1669 in-

190 1708 391 1754 tulerunt
423 1705 767 1768 quinqueremes
786 1740 800 1761 ,
826 1720 958 1766 quam
987 1702 1121 1750 Poeni
1149 1716 1338 1748 ancoras
1366 1713 1472 1744 mo·-

191 1777 396 1825 lirentur.
430 1795 512 1825 nec
543 1777 658 1824 ultra
678 1776 920 1823 tumultum
943 1775 1063 1822 ciere
1081 1773 1311 1837 quisquam
1334 1772 1381 1817 in
1401 1787 1472 1816 re-

191 1853 270 1915 gio
289 1862 425 1913 portu
440 1848 644 1896 audebat.
662 1851 814 1910 Itaque
831 1847 955 1910 prior
970 1847 1017 1893 in
1035 1859 1197 1892 terram
1211 1841 1476 1901 Hasdrubal,

193 1941 306 1972 mox
327 1922 479 1984 Scipio
509 1924 558 1969 δε
575 1921 734 1967 Laelius
753 1920 905 1984 egreffi
923 1956 936 1976 ‚
961 1920 1017 1966 ad
1041 1935 1189 1982 regem
1209 1928 1409 1980 pergunt.

258 1997 420 2042 Xvffl.
453 1992 832 2057 Magnificumque
854 1993 898 2038 id
923 1991 1122 2056 Syphaci
1144 1989 1258 2054 (nec
1280 2000 1374 2035 erat
1391 1986 1474 2034 ali-

193 2067 296 2132 fer)
332 2066 476 2114 visum
493 2102 508 2125 ,
537 2067 730 2113 duorum
769 2065 1204 2127 opulentiflimerum
1230 2080 1279 2108 ea
1305 2067 1476 2123 temped
1536 2098 1538 2101 ,

193 2136 301 2185 state
331 2139 462 2186 duces
493 2138 770 2201 populorum
803 2154 898 2183 uno
931 2138 1003 2183 <lie
1034 2137 1153 2182 suam
1179 2151 1333 2197 pacem
1360 2133 1475 2179 ami-

195 2212 437 2275 citiamque
462 2223 661 2274 petentes
683 2210 866 2257 venisse.
892 2212 1143 2272 Utrumque
1161 2208 1208 2253 in
1232 2206 1476 2269 hospitium

195 2284 392 2339 invitam
419 2285 496 2341 &,
525 2283 743 2346 quoniam
776 2281 869 2329 fors
897 2298 976 2328 eos
1005 2281 1081 2327 sub
1112 2297 1207 2327 uno
1228 2280 1344 2326 te&o
1368 2278 1474 2332 effe,

193 2369 329 2420 atque
356 2356 409 2402 ad
437 2354 615 2402 eosdem
639 2366 848 2418 penates,
876 2353 1110 2401 voluisset:
1136 2350 1401 2399 contrahere
1421 2348 1477 2395 ad

202 2428 486 2493 colloquium
528 2427 881 2476 dirimendarum
922 2426 1193 2476 simultatum
1240 2424 1367 2472 causa
1413 2423 1477 2470 est
