1592 2724
197 158 297 225 1περ,
552 156 1115 204 T1T1L1V11

201 269 376 332 aliquot
393 266 694 332 oppugnanda
712 265 820 315 urbe
840 265 1142 330 nequidquam
1159 263 1375 314 absumti:
1404 267 1452 313 &
1466 273 1486 323 ,ἴ

199 343 306 407 quia
334 342 414 391 vix
440 358 590 404 operae
620 341 814 404 pretium
849 355 966 397 erat,
1003 339 1254 386 abscessere.
1289 339 1359 386 Ad
1378 340 1483 384 Pra-

198 417 280 464 fias
306 414 611 480 (continentis
634 413 795 461 Atticae
825 411 861 460 is
888 412 1017 460 locus
1038 411 1129 475 est)
1162 413 1386 459 Issaeorum
1410 411 1483 457 vi-

196 488 312 554 ginti
332 487 468 535 lembi
489 486 604 533 claffi
625 486 939 533 Romanorum
967 483 1165 546 adjuncti
1183 484 1295 532 sunt.
1328 485 1358 531 ii
1378 483 1481 530 mis-

195 562 228 607 fi
261 560 315 607 ad
344 558 629 623 populandos
663 556 982 621 Carystiorum
1012 572 1156 620 agro&
1194 568 1338 604 cetera
1366 553 1479 602 clas-

194 633 248 681 fis
267 633 539 689 Geraestum,
561 630 760 677 nobilem
784 631 971 677 Euboeae
988 642 1195 693 portum,
1216 630 1321 676 dum
1340 645 1365 675 a
1385 629 1479 675 Ca-

193 705 322 769 rysto
355 704 463 752 Iffaei
486 702 711 759 redirent,
745 702 903 750 tenuit,
935 703 1041 749 Inde
1067 719 1254 760 omnes,
1287 700 1401 748 velis
1428 699 1477 746 in

191 779 334 826 altum
366 776 476 824 datis
494 812 507 836 ,
537 776 669 823 maris
700 775 850 822 medio
877 791 1035 839 praeter
1063 777 1257 840 Scyrum
1285 773 1477 821 insulam

191 855 317 900 lcum
346 866 620 914 pervenere3
651 848 713 895 ibi
741 865 911 911 paucos
932 847 1047 906 dies,
1075 847 1285 896 saeviente
1306 849 1474 904 Borea,

190 924 353 973 retenti
373 942 382 971 :
416 923 495 971 ubi
525 922 668 986 prima
689 921 986 986 tranquillitas
1007 922 1108 968 data
1134 920 1223 979 est,
1247 920 1475 967 Sciathum

190 998 440 1062 trajecere,
483 996 699 1045 vastatam
733 997 891 1045 urbem
930 995 1236 1058 direptamque
1275 1007 1417 1057 nuper
1449 1010 1476 1039 a

190 1073 418 1137 Philippo.
460 1073 542 1119 Per
572 1087 702 1134 agros
729 1068 867 1134 palati
898 1068 1063 1116 milites
1093 1066 1394 1126 frumentum,
1423 1066 1475 1114 δε

190 1147 223 1195 fi
246 1165 334 1213 qua
351 1148 434 1194 alia
452 1147 548 1194 usui
568 1145 652 1192 effe
670 1144 725 1192 ad
744 1142 1018 1191 vescendum
1037 1152 1248 1204 poterant
1267 1176 1281 1200 ‚
1303 1140 1371 1187 *md
1391 1155 1476 1186 na-

194 1236 273 1267 ves
290 1219 495 1266 retulere.
521 1217 681 1281 praedae
698 1231 781 1263 nec
799 1225 889 1261 erat
907 1213 1148 1276 quidquam
1161 1249 1175 1269 ‚
1196 1229 1278 1260 nec
1297 1228 1474 1258 merue-

188 1304 288 1340 rant
299 1290 448 1338 Graeci
462 1326 474 1348 ,
491 1306 569 1336 cur
587 1288 898 1351 diriperentur.
931 1286 1038 1332 Inde
1056 1285 1367 1332 Cafl'andream
1388 1300 1470 1347 pe—

187 1377 329 1413 tentes
348 1401 362 1424 ,
383 1364 530 1427 primo
550 1362 605 1409 ad
626 1361 812 1408 Mendin
830 1396 844 1419 ,
861 1358 1130 1406 maritimum
1153 1357 1351 1405 civitatis
1377 1356 1473 1419 ejus

188 1439 340 1486 vicum
355 1474 368 1497 ‚
386 1450 584 1484 tenuere.
613 1435 714 1481 inde
740 1451 840 1481 cum
857 1469 869 1490 ‚
891 1431 1097 1495 superato
1119 1431 1469 1493 promontorio,

186 1511 241 1558 ad
266 1509 357 1573 ipsa
383 1508 553 1555 moenia
579 1505 701 1552 urbis
736 1504 1038 1567 circumagere
1067 1502 1241 1549 claffem
1270 1502 1470 1560 vellent,

186 1585 303 1632 saeva
341 1593 501 1632 coorta
537 1580 822 1643 tempestate,
854 1593 998 1640 prope
1035 1576 1189 1622 obruti
1225 1575 1429 1623 fluctibus
1453 1610 1468 1629 ‚

186 1656 362 1720 disperfi
383 1692 397 1715 ,
430 1670 587 1718 magna
627 1668 684 1700 ex
715 1663 839 1714 parte
875 1648 1033 1695 amiffis
1069 1647 1386 1705 armamentis,
1418 1647 1467 1693 in

183 1744 345 1779 terram
377 1731 638 1793 effugerunt.
668 1727 818 1773 Omen
839 1739 1022 1789 quoque
1044 1739 1096 1769 ea
1120 1720 1339 1768 maritima
1361 1733 1471 1767 tem-

185 1805 323 1869 pestas
349 1805 403 1852 ad
430 1819 522 1850 rem
548 1813 663 1848 terra
697 1799 934 1863 gerendam
965 1796 1065 1843 fuit.
1101 1812 1230 1853 nam,
1269 1793 1469 1841 colleffis

182 1880 231 1925 in
259 1895 401 1931 unum
422 1875 639 1931 navibus,
665 1871 967 1937 expolitisque
999 1867 1172 1931 copiis,
1193 1866 1372 1930 aggreffi
1394 1883 1467 1912 ur-

183 1952 283 1997 bem
302 1986 314 2006 ‚
344 1966 444 1996 cum
474 1947 626 1993 multis
646 1943 911 1994 vulneribus
941 1941 1123 2004 repulfi,
1160 1942 1239 2000 (&
1268 1952 1361 1986 erat
1378 1956 1463 1986 va-

180 2025 319 2070 lidum
341 2023 404 2068 ibi
433 2022 606 2085 regium
626 2016 911 2083 praesidium)
932 2016 1061 2063 irrito
1082 2015 1266 2077 incepto
1294 2013 1468 2077 regres-,

180 2097 212 2142 fi
244 2093 547 2141 Canastraeum
581 2092 781 2139 Pallenes
813 2089 1038 2151 trajecere.
1083 2088 1215 2145 inde,
1251 2086 1463 2149 superato

178 2171 382 2218 Toronae
417 2163 770 2228 promontorio,
801 2161 1064 2224 navigantes
1097 2159 1355 2205 Acanthum
1384 2175 1464 2220 pe-

178 2241 300 2288 tiere.
342 2240 407 2288 Ibi
434 2238 580 2301 primo
604 2253 706 2300 ager
725 2235 920 2283 vastatus
936 2269 950 2291 ,
981 2233 1142 2280 deinde
1169 2231 1262 2294 ipsa
1287 2231 1391 2278 urbs
1413 2230 1462 2276 vi

177 2327 310 2378 capta
339 2332 388 2362 ac
411 2314 593 2375 direpta.
628 2326 711 2357 nec
738 2309 853 2356 ultra
876 2307 1090 2371 progrefli
1120 2305 1240 2371 (jam
1261 2305 1378 2351 enim
1407 2306 1459 2352 δέ

178 2404 332 2452 graves
366 2386 514 2449 praeda
542 2400 680 2433 naves
713 2381 966 2447 habebant)
991 2392 1113 2427 retro
1131 2415 1144 2437 ‚
1171 2377 1287 2425 unde
1314 2394 1458 2424 vene-

177 2471 278 2514 rant
290 2496 305 2519 ‚
324 2458 551 2510 Sciathum
566 2492 580 2518 ,
608 2458 657 2507 &
676 2455 732 2505 ab
748 2453 930 2505 Sciatho
960 2452 1177 2502 Euboeam
1202 2462 1424 2515 repetunt.
