1592 2724
205 145 300 203 με
555 139 1113 188 T1T1L1V11

201 266 418 313 rumque,
442 248 610 297 incerta
631 249 820 298 vietoria
835 284 849 307 ‚
876 248 1055 295 diremit
1076 247 1486 311 proeliumMace-

203 324 378 370 donum
408 323 696 387 quadraginta
723 323 923 386 equites,
944 324 1259 370 Romanorum
1285 323 1488 387 quinque

204 398 255 444 &
283 397 464 460 triginta
499 397 771 444 ceciderunt.
806 398 964 460 Neque
995 413 1053 442 eo
1091 396 1230 459 magis
1264 395 1487 459 explorati

204 469 470 532 quidquam,
503 470 547 515 in
587 486 672 533 qua
707 470 891 532 regione
924 470 1061 517 castra
1093 469 1286 515 hostium
1317 469 1451 514 essent
1471 504 1488 525 ,

206 555 281 588 aut
311 542 377 587 illi
405 543 459 588 ad
486 559 665 603 regem,
695 559 770 588 aut
801 542 845 587 hi
875 542 930 588 ad
963 541 1193 588 consulem
1225 540 1487 588 retulerunt.

205 633 285 678 per
316 614 560 678 transfugas
579 615 812 677 cognitum
842 615 928 672 est,
948 632 1065 678 quos
1087 614 1246 662 levitas
1275 613 1489 677 ingenio-

206 704 336 743 rum,
372 689 427 734 ad
465 687 799 752 cognoscendas
834 688 1030 735 hostium
1064 705 1163 745 res,
1197 687 1244 733 in
1279 686 1490 733 omnibus

207 761 335 808 bellis
366 763 552 824 praebet.
939 762 941 764 ’

273 836 490 881 XXXIV.
519 834 775 898 Philippus,
796 834 964 897 aliquid
987 836 1036 881 &
1057 834 1111 880 ad
1138 834 1366 880 caritatem
1389 832 1490 879 suco

206 924 336 965 rum,
366 909 415 954 &c
448 919 498 953 ut
532 908 753 970 promtius
787 925 872 970 pro
909 924 965 953 eo
1003 907 1253 969 periculum
1287 907 1489 959 adirent,

208 990 332 1025 ratus
357 979 661 1042 profefihirum
681 979 744 1039 se,
766 980 796 1026 fi
818 979 1013 1042 equitum
1030 1014 1043 1036 ,
1064 978 1141 1042 qui
1166 978 1418 1025 ceciderant
1446 978 1493 1022 in

210 1052 533 1113 expeditione,
570 1052 926 1115 sepeliendorum
966 1069 1118 1098 curam
1158 1050 1396 1107 habuisset,
1432 1049 1496 1095 af-

209 1123 317 1171 ferri
343 1142 423 1173 eos
441 1126 488 1172 in
511 1126 647 1181 castra
671 1124 818 1186 jussit,
835 1136 884 1171 ut
909 1124 1245 1187 conspiceretur
1268 1123 1323 1170 ab
1346 1123 1495 1168 omni-

210 1195 293 1242 bus
332 1196 499 1243 funeris
537 1197 699 1243 honos.
735 1196 863 1242 Nihil
898 1208 987 1242 tam
1024 1195 1242 1242 incertum
1283 1211 1365 1241 nec
1403 1206 1493 1239 tam

209 1267 515 1316 inaestimabile
548 1269 637 1326 est,
674 1287 806 1333 quam
843 1269 980 1317 animi
1016 1267 1330 1316 multitudinis.
1367 1266 1494 1329 quod

211 1343 486 1405 promtiores
526 1343 895 1399 adwsubeundam
932 1360 1116 1390 omnem
1158 1341 1494 1389 dimicationem

211 1415 451 1463 ‘videbatur
478 1416 725 1473 facturum,
747 1417 793 1463 id
821 1428 987 1463 metum
1017 1414 1331 1479 pigritiamque
1350 1413 1496 1460 incus=

213 1489 265 1537 fit
287 1507 299 1536 :
320 1507 421 1537 nam
438 1527 451 1548 ,
471 1491 548 1554 qui
577 1491 705 1537 hastis
728 1490 977 1555 sagittisque
1005 1492 1054 1537 &
1081 1506 1179 1536 rara
1207 1488 1370 1536 lanceis
1396 1488 1497 1536 vul-

214 1578 321 1609 nera
342 1563 452 1609 facta
472 1563 703 1622 vidissent,
723 1581 824 1610 cum
853 1563 1022 1610 Graecis
1046 1561 1300 1627 Illyriisque
1322 1578 1496 1624 pugna-

213 1650 262 1679 re
285 1634 464 1692 assueti,
490 1635 726 1699 postquam
756 1634 902 1699 gladio
930 1632 1204 1696 Hispaniensi
1235 1633 1497 1679 detruncata

216 1722 412 1769 corpora
437 1707 628 1755 brachiis
661 1708 862 1764 abscifiS‚
888 1719 965 1755 aut
994 1719 1091 1753 tota
1120 1706 1297 1754 cervice
1330 1705 1497 1752 desecta

215 1779 359 1826 divisa
392 1798 417 1827 a
454 1797 650 1844 corpore
689 1782 858 1845 capita,
897 1779 1180 1844 patentiaque
1209 1778 1405 1836 viscera,
1446 1780 1498 1826 &

216 1851 466 1898 foeditatem
493 1853 625 1901 aliam
644 1854 884 1901 vulnerum
905 1853 1118 1902 viderunt
1132 1887 1146 1909 ‚
1167 1849 1377 1898 adversus
1397 1867 1499 1913 quae

215 1925 303 1972 tela
333 1927 534 1990 quosque
556 1928 683 1975 viros
703 1927 989 1991 pugnandum
1015 1924 1120 1971 effet
1135 1959 1147 1981 ,
1170 1921 1326 1985 pavidi
1352 1920 1498 1984 vulgo

218 1999 472 2046 cernebant.
504 2000 645 2062 Ipsum
665 2018 846 2064 quoque
868 2015 1014 2063 regem
1043 2009 1187 2043 terror
1211 1994 1354 2057 cepit,
1375 2010 1498 2040 non-

217 2072 326 2118 dum
353 2071 471 2132 justo
499 2074 669 2136 proelio
701 2092 805 2121 cum
839 2071 1056 2119 Romanis
1086 2068 1378 2133 congressum.
1412 2067 1498 2113 ita-

218 2164 334 2211 que,
362 2159 582 2194 revocato
612 2146 708 2193 filio
737 2147 1058 2210 praesidioque,
1087 2143 1211 2207 quod
1237 2142 1284 2188 in
1314 2140 1499 2202 Pelago-

219 2225 306 2272 niae
333 2222 533 2282 faucibus
555 2232 673 2280 erat,
694 2232 745 2267 ut
777 2221 830 2267 iis
856 2220 1001 2282 copiis
1029 2218 1121 2263 suas
1143 2226 1346 2278 augeret,
1367 2212 1498 2258 Pleu-

219 2313 318 2346 rato
362 2293 673 2357 Dardanisque
716 2295 798 2339 iter
838 2293 885 2339 in
924 2289 1237 2338 Macedoniam
1277 2284 1499 2349 patefecit..

221 2370 311 2434 lpse
327 2405 340 2427 ,
363 2386 466 2415 cum
496 2367 656 2430 viginti
682 2367 879 2413 millibus
902 2366 1099 2427 peditum
1118 2399 1130 2420 ,
1149 2373 1341 2424 quatuor
1368 2358 1498 2420 equi-2

218 2457 339 2504 mm,
355 2441 540 2491 ducibus
560 2440 821 2506 transfugis,
846 2439 901 2486 ad
919 2437 1094 2485 hostem
1121 2433 1369 2500 prof-etms,
1387 2448 1498 2496 pau-
