<?xml version="1.0" encoding="UTF-8"?>
<!DOCTYPE html PUBLIC "-//W3C//DTD XHTML 1.0 Transitional//EN"
    "http://www.w3.org/TR/xhtml1/DTD/xhtml1-transitional.dtd">
<html xmlns="http://www.w3.org/1999/xhtml" xml:lang="en" lang="en">
 <head>
  <title>
</title>
<meta http-equiv="Content-Type" content="text/html;charset=utf-8" />
  <meta name='ocr-system' content='tesseract 3.04.00' />
  <meta name='ocr-capabilities' content='ocr_page ocr_carea ocr_par ocr_line ocrx_word'/>
</head>
<body>
  <div class='ocr_page' id='page_1' title='image "./historiarumlibri05livyuoft_0347.png"; bbox 0 0 1592 2724; ppageno 0'>
   <div class='ocr_carea' id='block_1_1' title="bbox 264 183 1361 243">
    <p class='ocr_par' dir='ltr' id='par_1_1' title="bbox 264 183 1361 243">
     <span class='ocr_line' id='line_1_1' title="bbox 264 183 1361 243; baseline -0.011 -4"><span class='ocrx_word' id='word_1_1' title='bbox 264 187 801 239; x_wconf 67' lang='lat' dir='ltr'>HtsTosstARUM</span> <span class='ocrx_word' id='word_1_2' title='bbox 835 185 960 231; x_wconf 69' lang='lat' dir='ltr'>Lm.</span> <span class='ocrx_word' id='word_1_3' title='bbox 993 183 1207 230; x_wconf 66' lang='lat' dir='ltr'>xxxin.</span> <span class='ocrx_word' id='word_1_4' title='bbox 1277 196 1361 243; x_wconf 71' lang='lat'>331</span> 
     </span>
    </p>
   </div>
   <div class='ocr_carea' id='block_1_2' title="bbox 94 288 1393 2543">
    <p class='ocr_par' dir='ltr' id='par_1_2' title="bbox 94 288 1388 1957">
     <span class='ocr_line' id='line_1_2' title="bbox 96 288 1370 365; baseline -0.009 -18"><span class='ocrx_word' id='word_1_5' title='bbox 96 298 312 365; x_wconf 82' lang='lat' dir='ltr'>paulisper</span> <span class='ocrx_word' id='word_1_6' title='bbox 342 297 549 345; x_wconf 85' lang='lat' dir='ltr'>novitate</span> <span class='ocrx_word' id='word_1_7' title='bbox 576 294 640 341; x_wconf 90' lang='lat' dir='ltr'>rei</span> <span class='ocrx_word' id='word_1_8' title='bbox 667 289 899 339; x_wconf 80' lang='lat' dir='ltr'>constituit</span> <span class='ocrx_word' id='word_1_9' title='bbox 927 289 1072 352; x_wconf 76' lang='lat' dir='ltr'>fig&#39;na:</span> <span class='ocrx_word' id='word_1_10' title='bbox 1109 288 1294 343; x_wconf 87' lang='lat' dir='ltr'>deinde,</span> <span class='ocrx_word' id='word_1_11' title='bbox 1321 303 1370 335; x_wconf 89' lang='lat' dir='ltr'>ut</span> 
     </span>
     <span class='ocr_line' id='line_1_3' title="bbox 94 362 1370 436; baseline -0.011 -14"><span class='ocrx_word' id='word_1_12' title='bbox 94 374 265 436; x_wconf 80' lang='lat' dir='ltr'>accep-it</span> <span class='ocrx_word' id='word_1_13' title='bbox 287 373 408 420; x_wconf 90' lang='lat' dir='ltr'>hunc</span> <span class='ocrx_word' id='word_1_14' title='bbox 440 386 613 418; x_wconf 87' lang='lat' dir='ltr'>morem</span> <span class='ocrx_word' id='word_1_15' title='bbox 643 366 726 413; x_wconf 86' lang='lat' dir='ltr'>effe</span> <span class='ocrx_word' id='word_1_16' title='bbox 762 362 1066 410; x_wconf 84' lang='lat' dir='ltr'>Macedonum</span> <span class='ocrx_word' id='word_1_17' title='bbox 1099 362 1370 408; x_wconf 79' lang='lat' dir='ltr'>tradentium</span> 
     </span>
     <span class='ocr_line' id='line_1_4' title="bbox 96 436 1371 511; baseline -0.012 -15"><span class='ocrx_word' id='word_1_18' title='bbox 96 447 211 507; x_wconf 87' lang='lat' dir='ltr'>sese,</span> <span class='ocrx_word' id='word_1_19' title='bbox 237 463 417 511; x_wconf 84' lang='lat' dir='ltr'><strong>parcere</strong></span> <span class='ocrx_word' id='word_1_20' title='bbox 450 444 577 494; x_wconf 59' lang='lat' dir='ltr'>victis</span> <span class='ocrx_word' id='word_1_21' title='bbox 609 442 656 488; x_wconf 90' lang='lat' dir='ltr'>in</span> <span class='ocrx_word' id='word_1_22' title='bbox 683 438 881 486; x_wconf 88' lang='lat' dir='ltr'>animum</span> <span class='ocrx_word' id='word_1_23' title='bbox 920 436 1125 482; x_wconf 86' lang='lat' dir='ltr'>habebat.</span> <span class='ocrx_word' id='word_1_24' title='bbox 1158 437 1371 482; x_wconf 85' lang='lat' dir='ltr'>Ceterum</span> 
     </span>
     <span class='ocr_line' id='line_1_5' title="bbox 94 508 1374 587; baseline -0.013 -17"><span class='ocrx_word' id='word_1_25' title='bbox 94 524 149 571; x_wconf 88' lang='lat' dir='ltr'>ab</span> <span class='ocrx_word' id='word_1_26' title='bbox 182 521 348 587; x_wconf 81' lang='lat' dir='ltr'>ignaris</span> <span class='ocrx_word' id='word_1_27' title='bbox 371 518 584 567; x_wconf 84' lang='lat' dir='ltr'>militibus</span> <span class='ocrx_word' id='word_1_28' title='bbox 610 513 811 563; x_wconf 81' lang='lat' dir='ltr'>omiffam</span> <span class='ocrx_word' id='word_1_29' title='bbox 842 511 896 559; x_wconf 84' lang='lat' dir='ltr'>ab</span> <span class='ocrx_word' id='word_1_30' title='bbox 925 509 1051 556; x_wconf 88' lang='lat' dir='ltr'>hoste</span> <span class='ocrx_word' id='word_1_31' title='bbox 1073 523 1295 571; x_wconf 85' lang='lat' dir='ltr'>pugnam,</span> <span class='ocrx_word' id='word_1_32' title='bbox 1323 508 1374 554; x_wconf 65' lang='grc' dir='ltr'>δε</span> 
     </span>
     <span class='ocr_line' id='line_1_6' title="bbox 96 577 1375 657; baseline -0.016 -15"><span class='ocrx_word' id='word_1_33' title='bbox 96 594 204 657; x_wconf 87' lang='lat' dir='ltr'>quid</span> <span class='ocrx_word' id='word_1_34' title='bbox 232 594 473 655; x_wconf 81' lang='lat' dir='ltr'>imperator</span> <span class='ocrx_word' id='word_1_35' title='bbox 501 587 664 644; x_wconf 88' lang='lat' dir='ltr'>vellet,</span> <span class='ocrx_word' id='word_1_36' title='bbox 692 585 882 647; x_wconf 88' lang='lat' dir='ltr'>impetus</span> <span class='ocrx_word' id='word_1_37' title='bbox 912 581 958 627; x_wconf 87' lang='lat' dir='ltr'>in</span> <span class='ocrx_word' id='word_1_38' title='bbox 993 578 1174 626; x_wconf 89' lang='lat' dir='ltr'>eosdem</span> <span class='ocrx_word' id='word_1_39' title='bbox 1205 577 1375 632; x_wconf 56' lang='lat' dir='ltr'>fafitus,</span> 
     </span>
     <span class='ocr_line' id='line_1_7' title="bbox 98 650 1375 731; baseline -0.017 -14"><span class='ocrx_word' id='word_1_40' title='bbox 98 670 176 727; x_wconf 86' lang='lat'>&amp;,</span> <span class='ocrx_word' id='word_1_41' title='bbox 209 665 365 731; x_wconf 85' lang='lat' dir='ltr'>primis</span> <span class='ocrx_word' id='word_1_42' title='bbox 398 654 516 712; x_wconf 73' lang='lat' dir='ltr'>caelis</span> <span class='ocrx_word' id='word_1_43' title='bbox 537 698 551 720; x_wconf 94' lang='lat'>,</span> <span class='ocrx_word' id='word_1_44' title='bbox 589 660 723 709; x_wconf 89' lang='lat' dir='ltr'>ceteri</span> <span class='ocrx_word' id='word_1_45' title='bbox 757 660 805 705; x_wconf 89' lang='lat' dir='ltr'>in</span> <span class='ocrx_word' id='word_1_46' title='bbox 844 656 994 719; x_wconf 81' lang='lat' dir='ltr'>fugam</span> <span class='ocrx_word' id='word_1_47' title='bbox 1036 651 1226 715; x_wconf 83' lang='lat' dir='ltr'>diffipati</span> <span class='ocrx_word' id='word_1_48' title='bbox 1261 650 1375 697; x_wconf 84' lang='lat' dir='ltr'>sunt.</span> 
     </span>
     <span class='ocr_line' id='line_1_8' title="bbox 97 723 1376 797; baseline -0.012 -11"><span class='ocrx_word' id='word_1_49' title='bbox 97 740 195 786; x_wconf 83' lang='lat' dir='ltr'>Rex</span> <span class='ocrx_word' id='word_1_50' title='bbox 224 737 362 784; x_wconf 88' lang='lat' dir='ltr'>effuso</span> <span class='ocrx_word' id='word_1_51' title='bbox 381 734 510 784; x_wconf 78' lang='lat' dir='ltr'>cursu</span> <span class='ocrx_word' id='word_1_52' title='bbox 530 734 702 797; x_wconf 85' lang='lat' dir='ltr'>Tempe</span> <span class='ocrx_word' id='word_1_53' title='bbox 729 731 854 795; x_wconf 85' lang='lat' dir='ltr'>petit.</span> <span class='ocrx_word' id='word_1_54' title='bbox 884 729 949 775; x_wconf 89' lang='lat' dir='ltr'>lbi</span> <span class='ocrx_word' id='word_1_55' title='bbox 968 726 1020 774; x_wconf 87' lang='lat' dir='ltr'>ad</span> <span class='ocrx_word' id='word_1_56' title='bbox 1040 728 1237 772; x_wconf 82' lang='lat' dir='ltr'><strong>Gonnos</strong></span> <span class='ocrx_word' id='word_1_57' title='bbox 1257 723 1376 771; x_wconf 90' lang='lat' dir='ltr'>diem</span> 
     </span>
     <span class='ocr_line' id='line_1_9' title="bbox 96 795 1377 868; baseline -0.015 -9"><span class='ocrx_word' id='word_1_58' title='bbox 96 829 235 859; x_wconf 88' lang='lat' dir='ltr'>unum</span> <span class='ocrx_word' id='word_1_59' title='bbox 268 808 457 856; x_wconf 86' lang='lat' dir='ltr'>substitit</span> <span class='ocrx_word' id='word_1_60' title='bbox 486 808 540 854; x_wconf 90' lang='lat' dir='ltr'>ad</span> <span class='ocrx_word' id='word_1_61' title='bbox 572 805 892 868; x_wconf 85' lang='lat' dir='ltr'>excipiendos,</span> <span class='ocrx_word' id='word_1_62' title='bbox 928 802 959 848; x_wconf 88' lang='lat' dir='ltr'>fi</span> <span class='ocrx_word' id='word_1_63' title='bbox 995 798 1073 863; x_wconf 88' lang='lat' dir='ltr'>qui</span> <span class='ocrx_word' id='word_1_64' title='bbox 1104 796 1273 860; x_wconf 85' lang='lat' dir='ltr'>proelio</span> <span class='ocrx_word' id='word_1_65' title='bbox 1304 795 1377 842; x_wconf 91' lang='lat' dir='ltr'>su-</span> 
     </span>
     <span class='ocr_line' id='line_1_10' title="bbox 98 869 1378 947; baseline -0.013 -17"><span class='ocrx_word' id='word_1_66' title='bbox 98 883 328 947; x_wconf 81' lang='lat' dir='ltr'>pereffent.</span> <span class='ocrx_word' id='word_1_67' title='bbox 363 878 562 926; x_wconf 88' lang='lat' dir='ltr'>Romani</span> <span class='ocrx_word' id='word_1_68' title='bbox 597 878 789 926; x_wconf 62' lang='lat' dir='ltr'>victores</span> <span class='ocrx_word' id='word_1_69' title='bbox 825 875 873 922; x_wconf 88' lang='lat' dir='ltr'>in</span> <span class='ocrx_word' id='word_1_70' title='bbox 910 872 1045 922; x_wconf 84' lang='lat' dir='ltr'>castra</span> <span class='ocrx_word' id='word_1_71' title='bbox 1077 869 1271 917; x_wconf 88' lang='lat' dir='ltr'>hostium</span> <span class='ocrx_word' id='word_1_72' title='bbox 1302 869 1378 931; x_wconf 86' lang='lat' dir='ltr'>spe</span> 
     </span>
     <span class='ocr_line' id='line_1_11' title="bbox 97 942 1378 1018; baseline -0.011 -18"><span class='ocrx_word' id='word_1_73' title='bbox 97 954 261 1018; x_wconf 84' lang='lat' dir='ltr'>praedae</span> <span class='ocrx_word' id='word_1_74' title='bbox 289 953 491 999; x_wconf 88' lang='lat' dir='ltr'>irruunt:</span> <span class='ocrx_word' id='word_1_75' title='bbox 525 966 686 996; x_wconf 87' lang='lat' dir='ltr'>verum</span> <span class='ocrx_word' id='word_1_76' title='bbox 707 966 759 996; x_wconf 89' lang='lat' dir='ltr'>ea</span> <span class='ocrx_word' id='word_1_77' title='bbox 786 964 944 1010; x_wconf 84' lang='lat' dir='ltr'>magna</span> <span class='ocrx_word' id='word_1_78' title='bbox 970 944 1057 1007; x_wconf 85' lang='lat' dir='ltr'>jam</span> <span class='ocrx_word' id='word_1_79' title='bbox 1078 960 1133 989; x_wconf 82' lang='lat' dir='ltr'>ex</span> <span class='ocrx_word' id='word_1_80' title='bbox 1156 954 1282 1006; x_wconf 83' lang='lat' dir='ltr'>parte</span> <span class='ocrx_word' id='word_1_81' title='bbox 1313 942 1378 987; x_wconf 89' lang='lat' dir='ltr'>di·</span> 
     </span>
     <span class='ocr_line' id='line_1_12' title="bbox 101 1015 1378 1091; baseline -0.013 -15"><span class='ocrx_word' id='word_1_82' title='bbox 101 1041 225 1091; x_wconf 83' lang='lat' dir='ltr'>repta</span> <span class='ocrx_word' id='word_1_83' title='bbox 252 1028 307 1073; x_wconf 89' lang='lat' dir='ltr'>ab</span> <span class='ocrx_word' id='word_1_84' title='bbox 327 1024 487 1073; x_wconf 87' lang='lat' dir='ltr'>AEtolis</span> <span class='ocrx_word' id='word_1_85' title='bbox 518 1022 768 1072; x_wconf 82' lang='lat' dir='ltr'>inveniunt.</span> <span class='ocrx_word' id='word_1_86' title='bbox 806 1020 931 1069; x_wconf 84' lang='lat' dir='ltr'>Caesa</span> <span class='ocrx_word' id='word_1_87' title='bbox 963 1036 1019 1066; x_wconf 92' lang='lat' dir='ltr'>eo</span> <span class='ocrx_word' id='word_1_88' title='bbox 1053 1017 1123 1064; x_wconf 89' lang='lat' dir='ltr'>die</span> <span class='ocrx_word' id='word_1_89' title='bbox 1152 1016 1258 1063; x_wconf 72' lang='grc' dir='ltr'>οξῒο</span> <span class='ocrx_word' id='word_1_90' title='bbox 1289 1015 1378 1061; x_wconf 83' lang='lat' dir='ltr'>ho·-</span> 
     </span>
     <span class='ocr_line' id='line_1_13' title="bbox 102 1088 1380 1161; baseline -0.011 -13"><span class='ocrx_word' id='word_1_91' title='bbox 102 1101 234 1148; x_wconf 85' lang='lat' dir='ltr'>stium</span> <span class='ocrx_word' id='word_1_92' title='bbox 262 1099 431 1157; x_wconf 87' lang='lat' dir='ltr'>millia,</span> <span class='ocrx_word' id='word_1_93' title='bbox 453 1097 651 1161; x_wconf 86' lang='lat' dir='ltr'>quinque</span> <span class='ocrx_word' id='word_1_94' title='bbox 671 1107 812 1159; x_wconf 86' lang='lat' dir='ltr'>capta.</span> <span class='ocrx_word' id='word_1_95' title='bbox 841 1096 909 1140; x_wconf 79' lang='lat' dir='ltr'>Ex</span> <span class='ocrx_word' id='word_1_96' title='bbox 937 1089 1186 1139; x_wconf 64' lang='lat' dir='ltr'>vicloribus</span> <span class='ocrx_word' id='word_1_97' title='bbox 1217 1088 1380 1151; x_wconf 87' lang='lat' dir='ltr'>septin-</span> 
     </span>
     <span class='ocr_line' id='line_1_14' title="bbox 103 1163 1379 1237; baseline -0.008 -19"><span class='ocrx_word' id='word_1_98' title='bbox 103 1173 226 1237; x_wconf 80' lang='lat' dir='ltr'>genti</span> <span class='ocrx_word' id='word_1_99' title='bbox 261 1172 399 1218; x_wconf 89' lang='lat' dir='ltr'>ferme</span> <span class='ocrx_word' id='word_1_100' title='bbox 433 1170 702 1218; x_wconf 85' lang='lat' dir='ltr'>ceciderunt.</span> <span class='ocrx_word' id='word_1_101' title='bbox 751 1167 798 1214; x_wconf 84' lang='lat' dir='ltr'>Si</span> <span class='ocrx_word' id='word_1_102' title='bbox 832 1166 1018 1214; x_wconf 84' lang='lat' dir='ltr'>Valerio</span> <span class='ocrx_word' id='word_1_103' title='bbox 1056 1164 1155 1227; x_wconf 82' lang='lat' dir='ltr'>quis</span> <span class='ocrx_word' id='word_1_104' title='bbox 1195 1163 1379 1220; x_wconf 87' lang='lat' dir='ltr'>credat,</span> 
     </span>
     <span class='ocr_line' id='line_1_15' title="bbox 102 1235 1378 1299; baseline -0.007 -9"><span class='ocrx_word' id='word_1_105' title='bbox 102 1243 309 1290; x_wconf 88' lang='lat' dir='ltr'>omnium</span> <span class='ocrx_word' id='word_1_106' title='bbox 331 1259 478 1289; x_wconf 88' lang='lat' dir='ltr'>rerum</span> <span class='ocrx_word' id='word_1_107' title='bbox 507 1240 749 1288; x_wconf 85' lang='lat' dir='ltr'>immodice</span> <span class='ocrx_word' id='word_1_108' title='bbox 780 1255 1013 1286; x_wconf 73' lang='lat' dir='ltr'>numerum</span> <span class='ocrx_word' id='word_1_109' title='bbox 1044 1235 1245 1299; x_wconf 81' lang='lat' dir='ltr'>augenti,</span> <span class='ocrx_word' id='word_1_110' title='bbox 1272 1253 1378 1299; x_wconf 80' lang='lat' dir='ltr'>qua-</span> 
     </span>
     <span class='ocr_line' id='line_1_16' title="bbox 103 1307 1381 1381; baseline -0.009 -18"><span class='ocrx_word' id='word_1_111' title='bbox 103 1317 302 1381; x_wconf 79' lang='lat' dir='ltr'>draginta</span> <span class='ocrx_word' id='word_1_112' title='bbox 333 1315 473 1362; x_wconf 86' lang='lat' dir='ltr'>millia</span> <span class='ocrx_word' id='word_1_113' title='bbox 504 1312 700 1360; x_wconf 89' lang='lat' dir='ltr'>hostium</span> <span class='ocrx_word' id='word_1_114' title='bbox 732 1328 789 1358; x_wconf 91' lang='lat' dir='ltr'>eo</span> <span class='ocrx_word' id='word_1_115' title='bbox 822 1311 894 1357; x_wconf 92' lang='lat' dir='ltr'>die</span> <span class='ocrx_word' id='word_1_116' title='bbox 921 1309 1019 1356; x_wconf 87' lang='lat' dir='ltr'>sunt</span> <span class='ocrx_word' id='word_1_117' title='bbox 1054 1307 1190 1363; x_wconf 84' lang='lat' dir='ltr'>caesa;</span> <span class='ocrx_word' id='word_1_118' title='bbox 1222 1321 1381 1369; x_wconf 84' lang='lat' dir='ltr'>capta,</span> 
     </span>
     <span class='ocr_line' id='line_1_17' title="bbox 102 1380 1383 1446; baseline -0.008 -10"><span class='ocrx_word' id='word_1_119' title='bbox 102 1389 179 1436; x_wconf 75' lang='lat' dir='ltr'>ubi</span> <span class='ocrx_word' id='word_1_120' title='bbox 194 1388 434 1435; x_wconf 88' lang='lat' dir='ltr'>modestius</span> <span class='ocrx_word' id='word_1_121' title='bbox 447 1386 729 1434; x_wconf 81' lang='lat' dir='ltr'>mendacium</span> <span class='ocrx_word' id='word_1_122' title='bbox 747 1384 831 1443; x_wconf 86' lang='lat' dir='ltr'>est,</span> <span class='ocrx_word' id='word_1_123' title='bbox 849 1383 1049 1446; x_wconf 80' lang='lat' dir='ltr'>quinque</span> <span class='ocrx_word' id='word_1_124' title='bbox 1065 1381 1200 1429; x_wconf 86' lang='lat' dir='ltr'>millia</span> <span class='ocrx_word' id='word_1_125' title='bbox 1218 1380 1383 1443; x_wconf 90' lang='lat' dir='ltr'>septin-</span> 
     </span>
     <span class='ocr_line' id='line_1_18' title="bbox 106 1453 1383 1526; baseline -0.007 -17"><span class='ocrx_word' id='word_1_126' title='bbox 106 1462 250 1526; x_wconf 84' lang='lat' dir='ltr'>genti,</span> <span class='ocrx_word' id='word_1_127' title='bbox 277 1462 394 1526; x_wconf 81' lang='lat' dir='ltr'>figna</span> <span class='ocrx_word' id='word_1_128' title='bbox 417 1460 623 1508; x_wconf 86' lang='lat' dir='ltr'>militaria</span> <span class='ocrx_word' id='word_1_129' title='bbox 642 1460 834 1506; x_wconf 87' lang='lat' dir='ltr'>ducenta</span> <span class='ocrx_word' id='word_1_130' title='bbox 853 1472 990 1502; x_wconf 87' lang='lat' dir='ltr'>unum</span> <span class='ocrx_word' id='word_1_131' title='bbox 1012 1456 1061 1501; x_wconf 91' lang='lat'>&amp;</span> <span class='ocrx_word' id='word_1_132' title='bbox 1079 1453 1383 1519; x_wconf 84' lang='lat' dir='ltr'>quadraginta.</span> 
     </span>
     <span class='ocr_line' id='line_1_19' title="bbox 106 1525 1384 1596; baseline -0.009 -15"><span class='ocrx_word' id='word_1_133' title='bbox 106 1533 322 1581; x_wconf 85' lang='lat' dir='ltr'>Claudius</span> <span class='ocrx_word' id='word_1_134' title='bbox 343 1548 526 1596; x_wconf 83' lang='lat' dir='ltr'>quoque</span> <span class='ocrx_word' id='word_1_135' title='bbox 548 1531 641 1577; x_wconf 89' lang='lat' dir='ltr'>duo</span> <span class='ocrx_word' id='word_1_136' title='bbox 659 1534 706 1578; x_wconf 88' lang='lat'>&amp;</span> <span class='ocrx_word' id='word_1_137' title='bbox 726 1528 909 1593; x_wconf 83' lang='lat' dir='ltr'>triginta</span> <span class='ocrx_word' id='word_1_138' title='bbox 926 1526 1065 1573; x_wconf 80' lang='lat' dir='ltr'>millia</span> <span class='ocrx_word' id='word_1_139' title='bbox 1084 1525 1277 1573; x_wconf 87' lang='lat' dir='ltr'>hostium</span> <span class='ocrx_word' id='word_1_140' title='bbox 1298 1542 1384 1571; x_wconf 82' lang='lat' dir='ltr'>cae-</span> 
     </span>
     <span class='ocr_line' id='line_1_20' title="bbox 107 1597 1385 1667; baseline -0.009 -13"><span class='ocrx_word' id='word_1_141' title='bbox 107 1606 150 1654; x_wconf 91' lang='lat' dir='ltr'>sa</span> <span class='ocrx_word' id='word_1_142' title='bbox 185 1605 360 1663; x_wconf 87' lang='lat' dir='ltr'>scribit,</span> <span class='ocrx_word' id='word_1_143' title='bbox 387 1616 517 1667; x_wconf 78' lang='lat' dir='ltr'>capta</span> <span class='ocrx_word' id='word_1_144' title='bbox 545 1615 739 1666; x_wconf 80' lang='lat' dir='ltr'>quatuor</span> <span class='ocrx_word' id='word_1_145' title='bbox 764 1600 900 1648; x_wconf 83' lang='lat' dir='ltr'>millia</span> <span class='ocrx_word' id='word_1_146' title='bbox 930 1602 979 1646; x_wconf 84' lang='lat'><strong>&amp;</strong></span> <span class='ocrx_word' id='word_1_147' title='bbox 1011 1608 1251 1645; x_wconf 84' lang='lat' dir='ltr'>trecentos.</span> <span class='ocrx_word' id='word_1_148' title='bbox 1284 1597 1385 1644; x_wconf 85' lang='lat' dir='ltr'>Nos</span> 
     </span>
     <span class='ocr_line' id='line_1_21' title="bbox 110 1667 1387 1738; baseline -0.007 -16"><span class='ocrx_word' id='word_1_149' title='bbox 110 1693 204 1724; x_wconf 86' lang='lat' dir='ltr'>non</span> <span class='ocrx_word' id='word_1_150' title='bbox 229 1676 418 1723; x_wconf 87' lang='lat' dir='ltr'>minimo</span> <span class='ocrx_word' id='word_1_151' title='bbox 447 1674 724 1738; x_wconf 82' lang='lat' dir='ltr'>potiffimum</span> <span class='ocrx_word' id='word_1_152' title='bbox 754 1687 945 1719; x_wconf 81' lang='lat' dir='ltr'>numero</span> <span class='ocrx_word' id='word_1_153' title='bbox 975 1668 1243 1717; x_wconf 81' lang='lat' dir='ltr'>credidimus</span> <span class='ocrx_word' id='word_1_154' title='bbox 1262 1705 1276 1727; x_wconf 95' lang='lat'>,</span> <span class='ocrx_word' id='word_1_155' title='bbox 1313 1667 1387 1714; x_wconf 90' lang='lat' dir='ltr'>sed</span> 
     </span>
     <span class='ocr_line' id='line_1_22' title="bbox 109 1741 1388 1813; baseline -0.009 -17"><span class='ocrx_word' id='word_1_156' title='bbox 109 1747 355 1813; x_wconf 84' lang='lat' dir='ltr'>Polybium</span> <span class='ocrx_word' id='word_1_157' title='bbox 385 1747 522 1795; x_wconf 89' lang='lat' dir='ltr'>secuti</span> <span class='ocrx_word' id='word_1_158' title='bbox 561 1746 736 1803; x_wconf 90' lang='lat' dir='ltr'>sumus,</span> <span class='ocrx_word' id='word_1_159' title='bbox 775 1761 870 1791; x_wconf 91' lang='lat' dir='ltr'>non</span> <span class='ocrx_word' id='word_1_160' title='bbox 899 1743 1123 1790; x_wconf 85' lang='lat' dir='ltr'>incertum</span> <span class='ocrx_word' id='word_1_161' title='bbox 1158 1741 1388 1787; x_wconf 58' lang='lat' dir='ltr'>auctorem</span> 
     </span>
     <span class='ocr_line' id='line_1_23' title="bbox 111 1812 1388 1878; baseline -0.004 -11"><span class='ocrx_word' id='word_1_162' title='bbox 111 1839 213 1868; x_wconf 90' lang='lat' dir='ltr'>cum</span> <span class='ocrx_word' id='word_1_163' title='bbox 233 1820 438 1867; x_wconf 90' lang='lat' dir='ltr'>omnium</span> <span class='ocrx_word' id='word_1_164' title='bbox 458 1821 766 1867; x_wconf 85' lang='lat' dir='ltr'>Romanarum</span> <span class='ocrx_word' id='word_1_165' title='bbox 783 1833 928 1864; x_wconf 87' lang='lat' dir='ltr'>rerum</span> <span class='ocrx_word' id='word_1_166' title='bbox 942 1851 957 1875; x_wconf 87' lang='lat'>,</span> <span class='ocrx_word' id='word_1_167' title='bbox 984 1825 1080 1861; x_wconf 87' lang='lat' dir='ltr'>tum</span> <span class='ocrx_word' id='word_1_168' title='bbox 1100 1813 1323 1878; x_wconf 76' lang='lat' dir='ltr'>praecipue</span> <span class='ocrx_word' id='word_1_169' title='bbox 1339 1812 1388 1862; x_wconf 85' lang='lat' dir='ltr'>in</span> 
     </span>
     <span class='ocr_line' id='line_1_24' title="bbox 112 1892 545 1957; baseline -0.005 -17"><span class='ocrx_word' id='word_1_170' title='bbox 112 1892 287 1940; x_wconf 81' lang='lat' dir='ltr'>Graecia</span> <span class='ocrx_word' id='word_1_171' title='bbox 311 1892 545 1957; x_wconf 79' lang='lat' dir='ltr'>gestarum.</span> 
     </span>
    </p>

    <p class='ocr_par' dir='ltr' id='par_1_3' title="bbox 117 1962 1393 2543">
     <span class='ocr_line' id='line_1_25' title="bbox 177 1962 1389 2034; baseline -0.007 -15"><span class='ocrx_word' id='word_1_172' title='bbox 177 1974 257 2019; x_wconf 85' lang='lat' dir='ltr'>XI.</span> <span class='ocrx_word' id='word_1_173' title='bbox 290 1971 524 2034; x_wconf 83' lang='lat' dir='ltr'>Philippus</span> <span class='ocrx_word' id='word_1_174' title='bbox 540 2007 552 2030; x_wconf 92' lang='lat'>,</span> <span class='ocrx_word' id='word_1_175' title='bbox 572 1968 770 2018; x_wconf 65' lang='lat' dir='ltr'>collectis</span> <span class='ocrx_word' id='word_1_176' title='bbox 799 1983 856 2015; x_wconf 84' lang='lat' dir='ltr'>ex</span> <span class='ocrx_word' id='word_1_177' title='bbox 880 1965 983 2030; x_wconf 86' lang='lat' dir='ltr'>fuga</span> <span class='ocrx_word' id='word_1_178' title='bbox 996 2002 1011 2026; x_wconf 89' lang='lat'>,</span> <span class='ocrx_word' id='word_1_179' title='bbox 1027 1965 1132 2030; x_wconf 86' lang='lat' dir='ltr'>qui,</span> <span class='ocrx_word' id='word_1_180' title='bbox 1154 1962 1292 2012; x_wconf 88' lang='lat' dir='ltr'>variis</span> <span class='ocrx_word' id='word_1_181' title='bbox 1314 1980 1389 2011; x_wconf 90' lang='lat' dir='ltr'>ca-</span> 
     </span>
     <span class='ocr_line' id='line_1_26' title="bbox 117 2035 1389 2107; baseline -0.006 -18"><span class='ocrx_word' id='word_1_182' title='bbox 117 2042 230 2090; x_wconf 76' lang='lat' dir='ltr'>sibus</span> <span class='ocrx_word' id='word_1_183' title='bbox 256 2060 417 2107; x_wconf 79' lang='lat' dir='ltr'>pugnae</span> <span class='ocrx_word' id='word_1_184' title='bbox 448 2041 664 2104; x_wconf 81' lang='lat' dir='ltr'>diffipati,</span> <span class='ocrx_word' id='word_1_185' title='bbox 687 2039 874 2102; x_wconf 83' lang='lat' dir='ltr'>vestigia</span> <span class='ocrx_word' id='word_1_186' title='bbox 900 2036 995 2099; x_wconf 84' lang='lat' dir='ltr'>ejus</span> <span class='ocrx_word' id='word_1_187' title='bbox 1022 2036 1157 2085; x_wconf 88' lang='lat' dir='ltr'>secuti</span> <span class='ocrx_word' id='word_1_188' title='bbox 1187 2035 1389 2093; x_wconf 89' lang='lat' dir='ltr'>fuerant,</span> 
     </span>
     <span class='ocr_line' id='line_1_27' title="bbox 117 2109 1390 2178; baseline -0.005 -16"><span class='ocrx_word' id='word_1_189' title='bbox 117 2114 334 2178; x_wconf 77' lang='lat' dir='ltr'>mistisque</span> <span class='ocrx_word' id='word_1_190' title='bbox 368 2113 572 2161; x_wconf 81' lang='lat' dir='ltr'>Lariffam</span> <span class='ocrx_word' id='word_1_191' title='bbox 609 2114 665 2160; x_wconf 90' lang='lat' dir='ltr'>ad</span> <span class='ocrx_word' id='word_1_192' title='bbox 699 2109 1049 2162; x_wconf 84' lang='lat' dir='ltr'>commentarios</span> <span class='ocrx_word' id='word_1_193' title='bbox 1081 2109 1228 2173; x_wconf 83' lang='lat' dir='ltr'>regios</span> <span class='ocrx_word' id='word_1_194' title='bbox 1259 2125 1390 2156; x_wconf 89' lang='lat' dir='ltr'>com-</span> 
     </span>
     <span class='ocr_line' id='line_1_28' title="bbox 117 2180 1391 2248; baseline -0.008 -13"><span class='ocrx_word' id='word_1_195' title='bbox 117 2188 345 2244; x_wconf 82' lang='lat' dir='ltr'>burendos</span> <span class='ocrx_word' id='word_1_196' title='bbox 366 2221 380 2246; x_wconf 94' lang='lat'><em>‚</em></span> <span class='ocrx_word' id='word_1_197' title='bbox 409 2204 465 2234; x_wconf 92' lang='lat' dir='ltr'>ne</span> <span class='ocrx_word' id='word_1_198' title='bbox 493 2187 541 2233; x_wconf 89' lang='lat' dir='ltr'>in</span> <span class='ocrx_word' id='word_1_199' title='bbox 572 2186 765 2234; x_wconf 89' lang='lat' dir='ltr'>hostium</span> <span class='ocrx_word' id='word_1_200' title='bbox 793 2185 1003 2235; x_wconf 88' lang='lat' dir='ltr'>venirent</span> <span class='ocrx_word' id='word_1_201' title='bbox 1029 2183 1320 2248; x_wconf 83' lang='lat' dir='ltr'>potestatem,</span> <span class='ocrx_word' id='word_1_202' title='bbox 1343 2180 1391 2226; x_wconf 88' lang='lat' dir='ltr'>in</span> 
     </span>
     <span class='ocr_line' id='line_1_29' title="bbox 118 2252 1392 2318; baseline -0.007 -11"><span class='ocrx_word' id='word_1_203' title='bbox 118 2258 434 2307; x_wconf 81' lang='lat' dir='ltr'>Macedoniam</span> <span class='ocrx_word' id='word_1_204' title='bbox 459 2258 685 2306; x_wconf 84' lang='lat' dir='ltr'>conceffit.</span> <span class='ocrx_word' id='word_1_205' title='bbox 719 2257 960 2318; x_wconf 74' lang='lat' dir='ltr'>Quinfflus</span> <span class='ocrx_word' id='word_1_206' title='bbox 976 2292 990 2314; x_wconf 94' lang='lat'>,</span> <span class='ocrx_word' id='word_1_207' title='bbox 1014 2254 1204 2317; x_wconf 83' lang='lat' dir='ltr'>captivis</span> <span class='ocrx_word' id='word_1_208' title='bbox 1224 2252 1392 2316; x_wconf 86' lang='lat' dir='ltr'>praeda-</span> 
     </span>
     <span class='ocr_line' id='line_1_30' title="bbox 118 2324 1391 2396; baseline -0.007 -17"><span class='ocrx_word' id='word_1_209' title='bbox 118 2350 204 2396; x_wconf 87' lang='lat' dir='ltr'>que</span> <span class='ocrx_word' id='word_1_210' title='bbox 227 2331 530 2390; x_wconf 83' lang='lat' dir='ltr'>venumdatis,</span> <span class='ocrx_word' id='word_1_211' title='bbox 558 2331 719 2394; x_wconf 85' lang='lat' dir='ltr'>partim</span> <span class='ocrx_word' id='word_1_212' title='bbox 745 2331 877 2378; x_wconf 88' lang='lat' dir='ltr'>militi</span> <span class='ocrx_word' id='word_1_213' title='bbox 909 2327 1152 2385; x_wconf 86' lang='lat' dir='ltr'>conceffis,</span> <span class='ocrx_word' id='word_1_214' title='bbox 1181 2324 1391 2372; x_wconf 77' lang='lat' dir='ltr'>Larissam</span> 
     </span>
     <span class='ocr_line' id='line_1_31' title="bbox 122 2397 1392 2470; baseline -0.008 -17"><span class='ocrx_word' id='word_1_215' title='bbox 122 2406 183 2453; x_wconf 91' lang='lat' dir='ltr'>est</span> <span class='ocrx_word' id='word_1_216' title='bbox 213 2408 464 2470; x_wconf 56' lang='lat' dir='ltr'>profectus,</span> <span class='ocrx_word' id='word_1_217' title='bbox 493 2406 717 2455; x_wconf 88' lang='lat' dir='ltr'>hauddum</span> <span class='ocrx_word' id='word_1_218' title='bbox 745 2404 846 2453; x_wconf 84' lang='lat' dir='ltr'>satis</span> <span class='ocrx_word' id='word_1_219' title='bbox 871 2419 1056 2470; x_wconf 87' lang='lat' dir='ltr'>gnarus,</span> <span class='ocrx_word' id='word_1_220' title='bbox 1084 2416 1220 2464; x_wconf 87' lang='lat' dir='ltr'>quam</span> <span class='ocrx_word' id='word_1_221' title='bbox 1240 2397 1392 2462; x_wconf 84' lang='lat' dir='ltr'>regio-</span> 
     </span>
     <span class='ocr_line' id='line_1_32' title="bbox 124 2473 1393 2543; baseline -0.009 -18"><span class='ocrx_word' id='word_1_222' title='bbox 124 2495 224 2525; x_wconf 85' lang='lat' dir='ltr'>nem</span> <span class='ocrx_word' id='word_1_223' title='bbox 253 2479 422 2543; x_wconf 72' lang='lat' dir='ltr'>petiss&#39;et</span> <span class='ocrx_word' id='word_1_224' title='bbox 451 2495 561 2540; x_wconf 84' lang='lat' dir='ltr'>rex,</span> <span class='ocrx_word' id='word_1_225' title='bbox 592 2479 762 2542; x_wconf 87' lang='lat' dir='ltr'>quidve</span> <span class='ocrx_word' id='word_1_226' title='bbox 794 2487 981 2541; x_wconf 86' lang='lat' dir='ltr'>pararet.</span> <span class='ocrx_word' id='word_1_227' title='bbox 1016 2473 1300 2521; x_wconf 85' lang='lat' dir='ltr'>Caduceator</span> <span class='ocrx_word' id='word_1_228' title='bbox 1334 2484 1393 2515; x_wconf 92' lang='lat' dir='ltr'>eo</span> 
     </span>
    </p>
   </div>
  </div>
 </body>
</html>
