1592 2724
281 203 825 255 HISTORIARUM
870 203 999 250 ΜΒ.
1033 200 1210 248 xxxi.
1298 214 1389 264 259

106 316 251 366 omnia
268 351 283 374 ,
319 335 404 378 quae
444 313 637 374 adverfitS
674 311 956 377 Pisistratidas
992 312 1145 354 decreta
1182 310 1395 369 quondam

105 409 248 450 erant,
263 394 400 437 eadem
420 393 467 436 in
481 390 680 448 Philippo
687 386 965 446 servarentur.
986 381 1276 427 Athenienses
1296 380 1396 445 qui·

99 465 214 510 >dem
240 462 379 509 literis
410 456 674 521 verbisque,
706 454 867 520 quibus
890 452 996 500 solis
1021 453 1203 511 valent,
1227 452 1396 499 bellum

109 533 325 583 adversus
343 532 595 594 Philippum
615 524 840 592 gerebant.

174 609 320 655 XLV.
350 604 521 651 Attalus
542 601 829 664 Romanique
843 634 857 658 ,
884 614 988 646 cum
1007 595 1228 644 Piraeeum
1248 594 1399 659 primo

113 683 171 730 ab
206 680 452 728 Hermione
487 675 728 740 petissent,
767 690 941 737 paucos
973 671 1035 718 ibi
1071 669 1238 717 morati
1275 669 1402 728 dies,

114 752 382 815 oneratique
412 766 539 813 aeque
570 747 827 794 immodicis
847 747 902 792 ad
922 746 1123 791 honores
1148 740 1402 799 sociorum,

117 841 248 891 atque
267 826 313 872 in
336 825 398 872 ira
418 822 630 871 adversus
647 822 818 868 hostem
840 820 1015 867 fuerant
1029 856 1045 876 ,
1065 816 1405 866 Atheniensium

117 898 310 947 decretis
330 936 342 953 ‚
377 896 591 960 navigant
620 913 644 943 a
674 895 846 942 Piraeeo
879 893 1099 940 Andrum.
1140 893 1191 939 δε
1225 907 1328 938 cum
1358 888 1406 936 in

119 984 281 1037 portu,
298 987 434 1035 quem
457 967 716 1015 Gaui-eleon
736 980 909 1014 vocant
926 999 940 1023 ‚
960 962 1255 1012 constitiffent
1268 999 1282 1021 ‚
1300 960 1407 1008 mis-

119 1046 175 1093 sis
191 1080 206 1104 ‚
238 1043 315 1108 qui
344 1053 567 1090 tentarent
593 1040 927 1105 oppidanorum
951 1037 1125 1084 animos
1140 1071 1156 1094 ,
1189 1034 1221 1082 fi
1241 1035 1411 1084 volun-‘

121 1131 212 1166 tate
242 1116 414 1164 tradere
447 1115 604 1161 urbem
616 1134 636 1173 ⁶,
665 1130 802 1177 quam
826 1111 922 1159 vim
945 1108 1161 1173 experiri,
1191 1109 1408 1166 mallent;

122 1192 357 1256 postquam
377 1188 581 1252 praefidio
603 1187 728 1250 regio
749 1200 899 1233 arcem
919 1184 1090 1242 teneri,
1111 1199 1194 1230 nec
1214 1182 1256 1228 se
1275 1194 1411 1246 pote-

124 1265 243 1312 statis
263 1263 348 1309 suae
366 1261 450 1309 effe
471 1259 823 1324 respondebant3
843 1255 1058 1319 expositis
1076 1254 1245 1317 copiis,
1260 1254 1409 1300 omni-

123 1353 214 1401 que
236 1346 450 1398 apparatu
465 1333 643 1380 urbium
663 1330 1091 1395 oppugnandarum,
1105 1326 1287 1376 diversis
1307 1344 1412 1390 par-

125 1411 247 1459 tibus
284 1427 365 1457 rex
399 1411 448 1457 &
478 1409 645 1472 legatus
674 1409 906 1452 Romanus
937 1403 993 1449 ad
1024 1401 1181 1448 urbem
1210 1401 1414 1447 subeunt.

126 1483 230 1530 Plus
247 1481 476 1543 aliquanto
501 1481 688 1526 Graecos
706 1479 913 1524 Romana
941 1475 1060 1538 signa
1084 1489 1291 1536 armaque
1317 1490 1413 1520 non

127 1567 231 1604 ante
250 1552 346 1601 visa
366 1553 594 1617 animique
616 1550 806 1598 militum
823 1583 839 1606 ‚
857 1562 946 1596 tam
977 1559 1154 1611 promte
1173 1545 1416 1593 succeden-

127 1628 242 1675 tium
262 1638 416 1674 muros
429 1661 442 1683 ,
461 1638 674 1673 terruere.
708 1628 862 1689 Itaque
891 1623 994 1686 fuga
1014 1620 1245 1684 extemplo
1274 1622 1320 1666 in
1339 1638 1414 1667 ar·

131 1717 229 1748 cem
266 1698 376 1746 facta
402 1699 486 1744 est:
525 1699 635 1745 urbe
663 1697 808 1743 hostes
837 1695 987 1759 potiti.
1021 1696 1070 1741 &
1102 1693 1149 1739 in
1180 1709 1280 1739 arce
1312 1709 1417 1740 cum

131 1774 318 1821 biduum
347 1772 438 1819 loci
464 1771 504 1818 se
527 1772 664 1836 magis
685 1808 699 1829 ‚
721 1789 855 1834 quam
887 1784 1115 1818 armorum
1131 1802 1145 1824 ,
1166 1765 1329 1815 fiducia
1353 1781 1415 1814 te-

132 1844 348 1904 nuissent,
376 1843 509 1891 tertio
530 1844 601 1891 die
622 1844 735 1907 pacti
756 1842 835 1905 ipsi
858 1840 1199 1904 praefidiumque
1213 1875 1227 1896 ‚
1244 1852 1292 1886 ut
1314 1857 1418 1887 cum

133 1918 316 1982 singulis
345 1917 618 1967 vestimentis
643 1916 830 1964 Delium
856 1913 1049 1961 Boeotiae
1078 1911 1420 1959 transveheren-

134 2003 221 2040 tur.
250 1995 312 2039 Ea
342 1993 397 2038 ab
423 1991 641 2039 Romanis
663 1991 753 2055 regi
776 1988 928 2036 Attalo
955 1986 1185 2035 concessa:
1220 1987 1420 2049 praedam

136 2077 489 2128 ornamentaque
513 2065 633 2111 urbis
651 2065 729 2127 ipsi
750 2073 1016 2112 avexerunt.
1049 2058 1245 2118 Attalus,
1263 2076 1318 2106 ne
1339 2061 1419 2106 de·-

136 2140 296 2188 sertam
321 2139 502 2185 haberet
522 2138 703 2186 insulam
718 2176 732 2198 ,
754 2141 802 2187 ὅ(
823 2137 1126 2186 Macedonum
1152 2134 1244 2181 fere
1264 2135 1419 2180 omni-

136 2212 220 2261 bus
235 2249 248 2270 ,
276 2214 325 2259 &
344 2211 606 2276 quibusdam
632 2213 904 2259 Andriorum
921 2247 935 2269 ‚
962 2222 1011 2255 ut
1034 2218 1292 2263 manerent,
1315 2222 1420 2269 per-

138 2283 283 2332 suasit.
313 2283 465 2346 postea
494 2286 544 2330 &
577 2283 632 2329 ab
653 2284 817 2342 Delio,
839 2283 916 2347 qui
942 2299 996 2328 ex
1026 2280 1155 2342 paeto
1183 2277 1422 2325 transvecti

139 2373 197 2404 eo
226 2356 404 2403 fuerant
424 2392 437 2414 ,
468 2355 690 2418 promissis
719 2356 860 2419 regis,
895 2372 996 2403 cum
1019 2352 1278 2398 desiderium
1300 2369 1423 2414 quo-

138 2444 226 2492 que
245 2429 398 2492 patriae
417 2427 588 2475 facilius
608 2429 660 2474 ad
681 2429 952 2476 credendum
968 2426 1201 2472 inclinaret
1219 2424 1420 2483 animos,

139 2501 357 2552 revocati.
392 2502 461 2550 Ab
484 2502 640 2549 Andro
656 2503 897 2567 Cythnum
927 2499 1213 2563 trajecerunn²
1241 2498 1301 2544 ibi
1326 2498 1421 2549 dies

1064 2573 1106 2618 R
1144 2587 1169 2616 a,
