1592 2724
193 113 285 161 266
557 111 1121 160 TITILIVII

188 225 319 269 honos
337 224 570 278 haberetur,
583 225 749 283 publice
772 224 985 268 videretur.
1022 224 1200 282 Ecquem
1220 240 1273 268 ex
1291 237 1336 268 eo
1361 240 1479 269 exer-

188 299 297 353 citu,
315 297 386 356 qui
407 315 496 341 cum
519 297 662 341 Gallis
677 299 949 358 pugnaverit,
959 295 1008 359 fi
1021 314 1106 340 tzorz
1126 297 1321 352 militem,
1342 299 1479 343 lixam

175 369 330 430 feltem
353 366 500 431 fiaffe,
521 387 634 430 quem
646 370 882 430 percontari
896 367 1031 430 pollet
1046 369 1224 429 senatus
1240 404 1252 424 ,
1273 372 1375 429 quid
1396 372 1481 415 veri

178 459 333 502 praetor
351 445 499 487 vanive
530 441 719 500 refirret?
739 440 949 485 Comitiis
982 441 1139 485 deinde
1170 441 1284 486 diem
1307 442 1482 489 edixit:

185 511 351 574 quibus
379 511 515 558 creati
537 511 634 558 scut
666 511 869 558 consules
898 513 944 558 L.
975 512 1218 558 Cornelius
1244 513 1479 569 Lentulus,

185 585 233 631 P.
257 584 421 630 Villius
456 584 704 646 Tappulus.
736 585 955 631 Praerores
990 585 1090 631 *nde
1120 583 1222 632 faui
1253 587 1298 630 l...
1330 585 1481 644 Quin-

185 657 297 704 &ius
330 656 631 711 Flamininus,
659 658 705 703 L.
744 657 948 705 Valerius
985 659 1195 717 Flaccus,
1235 661 1282 705 L.
1315 659 1483 705 Villius

185 731 421 791 Tappulus
438 765 451 786 ‚
474 729 560 775 Cn.
581 729 756 775 Baebius
777 729 1058 793 Tamphilus.

252 804 301 850 L.
336 806 533 849 Annona
571 819 756 866 quoque
793 819 849 849 eo
880 820 1002 850 anno
1038 803 1224 866 pervilis
1255 802 1352 851 fuit.
1386 802 1484 850 fru-'

183 875 325 922 menti
350 875 444 921 vim
468 893 673 939 magnam
706 893 760 922 ex
788 876 938 924 Africa
963 877 1194 924 advectam
1217 879 1365 923 aediles
1399 895 1482 924 cu-

185 947 307 995 rules
329 949 389 995 M.
425 948 643 995 Claudius
680 949 917 995 Marcellus
944 951 993 996 &
1029 951 1131 996 Sex.
1162 950 1300 996 AElius
1336 951 1483 996 Paetus

185 1023 305 1070 binis
338 1022 436 1069 aeris
464 1023 511 1068 in
542 1023 726 1070 modios
763 1024 938 1086 populo
963 1023 1244 1069 diviserunt:
1272 1025 1317 1068 δε
1353 1022 1485 1071 ludos

186 1095 426 1141 Romanos
467 1111 630 1159 magno
665 1111 879 1159 apparatu
915 1095 1116 1142 fecerunt
1145 1114 1155 1142 :
1189 1095 1304 1141 diem
1343 1112 1482 1140 unum

185 1167 524 1215 instaurarunt:
564 1169 682 1232 figna
721 1186 841 1216 aenea
876 1168 1076 1231 quinque
1108 1185 1162 1213 ex
1205 1167 1485 1213 mulctaticio

184 1254 375 1304 argento
405 1241 449 1286 in
484 1242 643 1287 aerario
677 1240 934 1303 posuerunt.
955 1240 1119 1300 plebeii
1144 1239 1234 1285 ludi
1255 1241 1308 1285 ab
1340 1239 1483 1284 aedili-

185 1316 269 1364 bus
288 1318 335 1363 L.
352 1316 575 1362 Terentio
597 1316 837 1363 Maffiliota
865 1318 911 1363 ὅ(
935 1317 1020 1362 Cn.
1041 1315 1195 1362 Baebio
1213 1313 1484 1375 Tamphilo,

185 1406 321 1452 quem
355 1401 598 1452 praetorem
632 1389 996 1452 designaverant,
1031 1400 1097 1434 ter
1120 1387 1206 1434 toti
1240 1386 1492 1433 instaurati..

185 1463 244 1508 Et
263 1461 356 1508 ludi
378 1462 587 1510 funebres
616 1478 673 1508 eo
703 1479 826 1509 anno
859 1479 936 1521 per
964 1461 1248 1524 quatriduum
1277 1461 1321 1506 in
1354 1460 1486 1520 foro,

185 1535 346 1582 mortis
384 1537 447 1582 M.
482 1534 652 1582 Valerii
680 1535 856 1581 Laevini
885 1534 1034 1590 causa,
1068 1552 1090 1580 a
1122 1535 1168 1580 P.
1202 1535 1250 1581 &
1282 1535 1345 1579 M.
1383 1532 1487 1580 filiis

187 1607 283 1669 ejus
324 1608 458 1656 saffi:
494 1609 543 1656 ὃ(
581 1624 743 1654 munus
784 1606 1098 1672 gladiatorium
1136 1607 1285 1652 datum
1324 1606 1379 1651 ab
1417 1606 1486 1653 iis.

186 1681 310 1744 paria
344 1681 546 1744 quinque
580 1683 628 1729 δε
667 1682 833 1744 viginti
870 1694 1140 1745 pugnarunt.
1179 1683 1241 1727 M.
1277 1679 1487 1727 Aurelius

186 1756 325 1802 Cotta
342 1791 355 1811 ,
377 1755 609 1802 decemvir
629 1754 855 1803 sacrorum
871 1791 885 1814 ‚
905 1770 1127 1802 mortuus.
1147 1755 1190 1800 in
1214 1754 1305 1813 ejus
1328 1755 1484 1801 locum

186 1832 271 1878 Μ’.
307 1831 475 1877 Acilius
502 1830 692 1876 Glabrio
722 1829 937 1879 suffectus.
972 1829 1186 1878 Comitiis
1221 1828 1369 1875 aediles
1404 1844 1486 1875 cu-

188 1905 307 1953 mles
339 1904 476 1952 creati
507 1904 605 1950 sunt
634 1903 752 1951 forte
782 1905 947 1960 ambo,
980 1903 1057 1965 qui
1094 1901 1236 1948 statim
1273 1902 1487 1964 occipere

188 1977 491 2040 magistratum
515 1993 611 2024 non
637 1977 827 2039 possent.
855 1994 956 2023 nam
979 1977 1032 2022 C.
1055 1975 1298 2022 Cornelius
1319 1975 1487 2021 Cethe·

189 2069 274 2116 gus
306 2052 462 2100 absens
487 2066 662 2100 creatus
695 2066 813 2110 erat,
840 2069 940 2099 cum
969 2050 1227 2114 Hispaniam
1260 2050 1487 2098 obtineret

189 2125 510 2191 provinciam;
535 2127 589 2174 C.
609 2126 816 2174 Valerius
838 2126 1042 2183 Flaccus,
1069 2141 1202 2188 quem
1225 2125 1486 2186 praesentem

191 2212 482 2255 creaverant,
502 2200 604 2264 quia
627 2199 789 2247 flamen
823 2199 969 2247 Dialis
990 2212 1106 2255 erat,
1132 2198 1277 2259 jurare
1297 2198 1344 2242 in
1367 2196 1487 2259 leges

190 2288 290 2319 non
309 2286 489 2336 poterat
508 2291 519 2320 ε
541 2273 843 2337 magistratum
860 2285 1004 2320 autem
1024 2272 1123 2334 plus
1146 2271 1344 2336 quinque
1361 2270 1454 2315 dies
1467 2303 1488 2326 ,

188 2345 272 2391 nisi
304 2345 381 2408 qui
409 2345 587 2406 jurasset
618 2347 663 2392 in
697 2346 844 2410 leges,
877 2362 974 2392 non
1007 2345 1169 2392 licebat
1202 2357 1365 2408 gerere.
1399 2341 1482 2386 Pe·-

187 2429 314 2469 ‘tente
338 2419 530 2484 Flacco,
550 2434 601 2470 ut
623 2420 796 2487 legibus
824 2420 1107 2482 solveretur,
1127 2416 1304 2467 senatus
1325 2414 1485 2473 decre}
