1592 2724
273 168 808 215 HISTORIARUM
845 170 971 215 LIB.
1007 171 1216 217 Xva.
1318 187 1376 231 27

101 290 258 337 graves
286 273 427 321 imbre
455 276 595 322 nubes
624 274 832 336 effulget,
865 284 986 320 tanta
1009 274 1080 321 vis
1100 293 1225 337 aqua-2
1255 276 1381 338 deje-

101 346 221 393 cisset
238 382 252 405 ,
281 357 331 393 ut
352 347 434 393 vix
458 347 504 394 in
535 346 673 393 castra
701 345 775 393 sua
796 346 1045 409 receperint
1076 346 1120 393 se
1147 349 1379 403 vietoreffi

99 418 316 481 quosdam
351 419 484 466 etiam
516 417 675 480 religio
711 418 880 479 ceperit
914 418 1098 464 ulterius
1133 419 1380 482 quidquam

100 508 158 538 eo
187 491 259 539 die
285 492 495 540 conandi.
529 490 918 554 Carthaginienses
935 527 950 549 ,
970 509 1224 556 quanquam
1245 493 1380 541 feffos

100 564 257 612 labore
279 582 332 612 ac
350 563 611 612 vulneribus
637 580 733 610 nox
754 563 987 626 imberque
1013 566 1068 611 ad
1094 566 1380 612 necessariam

101 636 298 698 quietem
318 637 513 684 vocabat
531 671 546 691 ‚
564 647 713 682 tamen
731 671 745 693 ‚
770 637 875 698 quia
897 648 1039 683 metus
1059 638 1110 684 &
1129 637 1380 699 periculum

102 710 293 756 cessandi
324 726 418 755 non
451 708 584 754 dabat
615 721 816 771 tempus,
853 710 994 770 prima
1018 709 1116 756 luce
1139 726 1380 774 oppugna-

101 783 213 829 turis
242 782 439 828 hostibus
469 781 635 840 castra,
667 782 778 828 saxis
803 782 999 845 undique
1027 784 1146 830 circa
1178 801 1233 830 ex
1268 801 1382 847 pro-

102 854 282 917 pinquis
314 853 506 900 vallibus
544 854 764 917 congestis
796 866 957 917 augent
992 855 1195 913 vallum,
1229 856 1380 903 muni-

103 940 259 974 mento
291 927 410 984 sese,
437 928 623 990 quando
658 928 703 973 in
732 928 864 974 armis
895 945 1053 989 parum
1088 928 1277 991 praesidii
1307 928 1382 975 fo-

103 1014 170 1046 ret
185 1037 198 1058 ,
221 999 454 1047 defensuri.
486 1000 569 1046 Sed
590 999 790 1046 transitio
819 1000 1046 1048 sociorum
1063 1037 1076 1059 ‚
1108 1001 1211 1065 fuga
1236 1014 1285 1048 ut
1304 1018 1380 1048 tu-

103 1072 196 1118 tior
229 1089 357 1118 mora
385 1071 638 1129 videretur,
666 1071 786 1118 fecit.
820 1071 1094 1134 Principium
1116 1072 1382 1121 defectionis

105 1145 161 1190 ab
187 1147 352 1191 Attane
371 1145 530 1207 regulo
550 1145 911 1191 Turdetanorum
933 1144 1092 1192 faiium
1114 1145 1187 1192 est.
1221 1145 1256 1192 is
1276 1163 1383 1194 cum

106 1234 265 1280 magna
292 1215 578 1279 popularium
601 1233 736 1282 manu
769 1217 1016 1281 transfugit.
1048 1217 1151 1263 inde
1171 1218 1262 1265 duo
1281 1236 1383 1265 mu·-

105 1290 199 1336 nita
225 1288 393 1352 oppida
424 1304 525 1335 cum
555 1288 767 1350 praefidiis
794 1290 951 1336 tradita
978 1308 1002 1337 a
1035 1289 1250 1352 praefeffis
1283 1292 1384 1337 Ro-

105 1379 256 1411 mano,
291 1364 347 1409 Et
379 1378 433 1408 ne
467 1361 626 1420 latius,
663 1361 886 1409 inclinatis
917 1362 1049 1409 semel
1079 1364 1133 1410 ad
1167 1363 1385 1411 defec'tio-

104 1452 209 1483 nem
235 1435 420 1493 animis,
449 1434 640 1497 serperet
668 1451 764 1494 res,
790 1435 966 1483 silentio
993 1435 1215 1499 proximae
1235 1437 1382 1484 noffis

105 1507 351 1554 Hasdrubal
371 1506 509 1554 castra
529 1518 698 1554 movet.

171 1582 294 1626 XVI.
328 1578 513 1642 Scipio,
544 1591 595 1626 ut
622 1578 766 1642 prima
793 1580 920 1638 luce,
948 1580 1025 1644 qui
1051 1580 1098 1626 in
1118 1579 1383 1626 stationibus

107 1665 258 1711 erant,
279 1652 528 1699 retulerunt
541 1688 554 1709 ‚
573 1651 802 1715 prose&os
820 1653 990 1712 hostes,
1013 1653 1235 1716 praemisso
1253 1653 1382 1715 equi-

106 1737 202 1772 tatu
228 1726 347 1789 signa
375 1725 480 1772 ferri
506 1724 644 1786 jubet.
677 1726 881 1789 adeoque
907 1725 1045 1774 citato
1066 1726 1240 1789 agmine
1263 1726 1384 1772 duffl

107 1799 208 1844 sunt
225 1834 239 1857 ‚
258 1811 308 1846 ut
323 1834 338 1856 ,
356 1798 387 1844 fi
409 1798 484 1845 via
502 1799 617 1844 reua
641 1798 823 1861 vestigia
845 1797 1075 1860 sequentes
1097 1798 1245 1852 issent,
1266 1797 1384 1843 haud

110 1870 242 1916 dubie
263 1871 497 1918 assecuturi
518 1869 696 1917 fuerint.
733 1869 921 1918 ducibus
939 1870 999 1917 est
1016 1870 1258 1928 creditum,
1278 1870 1383 1916 bre-

111 1941 213 1988 vius
239 1942 357 1989 aliud
381 1943 462 1989 effe
482 1942 564 1988 iter
582 1943 636 1989 ad
656 1942 811 1988 Baetim
831 1941 1021 1989 fluvium
1037 1978 1050 1999 ,
1075 1955 1126 1989 ut
1151 1941 1384 1988 transeun-

110 2025 176 2059 tes
209 2015 565 2077 aggrederentur.
600 2014 873 2072 Hasdrubal,
909 2014 1057 2062 clauso
1088 2014 1271 2061 transitu
1302 2014 1387 2061 ssu-

110 2087 269 2145 minis,
297 2088 352 2134 ad
370 2089 606 2136 Oceanum
627 2089 775 2137 ssectit.
810 2090 860 2136 &
881 2087 968 2148 jam
988 2088 1090 2134 inde
1115 2087 1383 2151 fugientium

112 2161 255 2206 modo
287 2159 409 2206 effusi
440 2161 648 2215 abibant;
680 2161 816 2224 idque
848 2161 903 2207 ab
929 2159 1181 2224 legionibus
1214 2161 1384 2206 Roma-

110 2233 180 2279 nis
213 2232 491 2295 aliquantum
519 2233 746 2280 intervalli
773 2233 891 2281 fecit.
920 2236 1067 2298 Eques
1090 2233 1290 2296 levisque
1313 2249 1385 2279 ar—

111 2318 280 2352 matura
297 2340 311 2364 ,
346 2322 468 2355 nunc
496 2306 550 2353 ab
570 2318 721 2369 tergo,
752 2325 874 2355 nunc
902 2308 957 2355 ab
978 2307 1189 2354 lateribus
1219 2321 1384 2352 occur-

112 2376 284 2434 rendo,
316 2375 527 2439 fatigabat
554 2378 935 2441 morabaturque:
972 2377 1044 2424 sed
1073 2394 1176 2424 cum
1203 2376 1258 2421 ad
1284 2391 1383 2422 cre-

111 2448 220 2497 bros
240 2450 452 2500 tumultus
473 2450 590 2515 signa
607 2450 894 2501 consisterent
906 2487 922 2512 ‚
942 2453 992 2501 &
1010 2467 1132 2501 nunc
1150 2448 1385 2514 equestria,
