1592 2724
177 136 268 186 282
527 135 1099 184 T1T1L1V11

175 244 305 308 quod
325 242 461 290 animi
477 242 577 291 satis
599 244 703 291 effet
728 244 782 291 ad
805 261 1029 308 pugnam,
1046 261 1150 291 cum
1170 243 1469 303 substitissent,

176 318 235 364 ab
260 317 417 378 hoste,
447 321 495 367 ὅ(
518 336 543 365 a
569 318 721 365 fronte
748 319 797 365 δε
816 319 869 364 ab
888 331 1019 382 tergo
1037 331 1256 382 urgente,
1274 320 1469 365 circum-

176 391 303 438 venti
332 390 445 441 sunt.
479 392 635 439 Deleri
659 403 780 438 totus
800 392 1023 439 exercitus
1042 392 1218 454 potuit,
1240 391 1272 437 fi
1294 391 1469 455 fugien-

177 472 244 509 tes
271 461 489 524 persecuti
517 464 715 510 vi&ores
740 462 906 510 efl'ent:
931 462 1003 509 sed
1030 463 1226 526 equitem
1255 463 1470 527 angustiae

176 533 481 599 locorumque
515 536 754 598 asperitas,
788 537 981 598 peditem
1013 554 1245 584 armorum
1278 536 1471 600 gravitas

178 607 400 671 impediit.
433 610 532 656 Rex
555 610 704 672 primo
737 610 868 658 effuse
894 629 946 659 ac
979 612 1069 658 sine
1097 610 1297 673 respeCm
1326 608 1471 674 fugit:

180 683 309 741 dein,
331 683 533 747 quinque
561 683 756 731 millium
781 685 968 748 spatium
991 686 1244 749 progressus
1261 721 1276 744 ‚
1295 702 1398 733 cum
1417 700 1475 731 ex

179 756 419 821 iniquitate
447 758 656 805 locorum
673 795 686 818 ‚
707 759 753 806 id
780 760 906 823 quod
927 773 1050 819 erat,
1071 760 1312 824 suspicatus
1338 758 1443 807 esset
1458 793 1475 816 ‚

180 829 302 892 sequi
331 846 426 877 non
461 832 586 894 poffe
617 832 818 891 hostem,
839 832 1032 880 substitit
1063 834 1112 879 in
1143 833 1321 880 tumulo
1353 848 1475 896 quo-

181 902 307 961 dam,
328 902 582 969 dimisitque
605 905 707 953 suos
731 924 811 968 per
830 908 983 954 omnia
1004 906 1105 970 juga
1122 906 1375 968 vallesque,
1395 904 1477 969 qui

182 976 357 1038 palatos
376 978 423 1024 in
446 997 589 1025 unum
610 980 892 1043 colligerent.
924 982 1034 1027 Non
1060 981 1161 1044 plus
1180 980 1357 1027 duobus
1376 979 1477 1025 mil-

182 1048 298 1095 libus
333 1051 571 1098 hominum
606 1053 797 1110 amissis,
831 1066 978 1101 cetera
1018 1053 1168 1100 omnis
1201 1051 1480 1107 multitudo,

184 1122 312 1169 velut
338 1122 509 1185 signum
531 1124 721 1187 aliquod
742 1125 916 1184 secuta,
943 1126 988 1172 in
1012 1143 1153 1172 unum
1181 1142 1284 1173 cum
1304 1140 1480 1171 conve-

184 1194 340 1254 nisset,
364 1195 590 1259 frequenti
618 1198 793 1261 agmine
814 1211 975 1260 petunt
993 1197 1277 1246 Thessaliam.
1307 1197 1480 1242 Roma·

185 1268 260 1325 ni,
288 1270 442 1332 quoad
475 1282 621 1317 tutum
658 1269 744 1317 fuit
773 1269 989 1326 insecuti,
1025 1269 1247 1315 caedentes
1281 1267 1482 1330 spolian-

184 1342 336 1404 tesque
366 1342 531 1401 caesos,
554 1342 694 1391 castra
724 1343 843 1408 regia
858 1379 874 1400 ,
902 1344 1037 1390 etiam
1058 1341 1150 1388 fine
1171 1339 1482 1388 defensoribus

186 1416 356 1464 difficili
380 1417 525 1476 aditu,
547 1418 764 1482 diripiunt
785 1437 794 1465 :
815 1430 949 1481 atque
980 1433 1029 1464 ea
1051 1416 1183 1463 ηοξὶε
1210 1414 1258 1462 in
1286 1412 1374 1460 suis
1404 1428 1481 1460 ca-

187 1489 282 1535 stris
313 1488 585 1537 manserunt.

252 1563 375 1609 xm.
411 1563 599 1610 Postero
618 1564 690 1611 die
712 1563 870 1612 consul
890 1578 970 1625 per
987 1560 1101 1624 ipsas
1122 1558 1370 1624 angustias,
1393 1574 1483 1622 qua

189 1634 231 1682 se
262 1634 378 1682 inter
413 1636 555 1683 valles
588 1636 760 1684 flumen
791 1636 1019 1693 insinuat,
1057 1634 1232 1681 hostem
1271 1630 1484 1694 sequitur.

188 1709 289 1757 Rex
319 1709 468 1773 primo
496 1711 567 1758 die
600 1711 655 1758 ad
684 1709 838 1757 Castra
867 1709 1036 1773 Pyrrhi
1074 1705 1299 1770 pervenit.
1329 1704 1484 1761 locus,

152 1827 168 1830 ,
191 1799 327 1846 quem
358 1783 419 1831 ita
442 1796 636 1843 vocant,
659 1784 719 1831 est
740 1785 788 1831 in
807 1782 1052 1846 Triphylia
1075 1794 1206 1828 terrae
1236 1777 1485 1830 Melotidis.

192 1856 297 1904 inde
328 1858 512 1921 postero
552 1859 623 1906 die
653 1857 842 1922 (ingens
872 1857 958 1904 iter
991 1854 1211 1920 agminis,
1243 1852 1316 1899 sed
1341 1864 1486 1898 metus

190 1931 406 1995 urgebat)
437 1934 483 1979 in
505 1944 709 1980 montem
733 1931 911 1995 Lingon
941 1929 1154 1994 perrexit.
1191 1927 1272 1990 ipsi
1304 1938 1486 1973 montes

193 2005 320 2068 Epiri
348 2005 470 2064 sunt,
490 2005 710 2067 interjeffi
731 2003 1015 2051 Macedoniae
1033 2001 1373 2064 Thessaliaeque.
1402 2001 1487 2045 La-

194 2090 301 2138 tus,
338 2081 465 2143 quod
500 2080 646 2143 vergit
683 2080 730 2126 in
766 2078 1068 2134 Thessaliam,
1107 2076 1258 2123 oriens
1296 2073 1486 2136 spefihit:

196 2151 459 2214 septemtrio
484 2170 509 2199 a
530 2152 803 2200 Macedonia
827 2151 1058 2212 objicitur.
1090 2147 1251 2196 vestiti
1272 2146 1487 2210 frequen-

195 2225 317 2274 tibus
331 2225 455 2273 filvis
475 2225 587 2273 sunt.
607 2226 712 2290 juga
730 2226 897 2272 summa
916 2240 1101 2286 campos
1119 2233 1321 2285 patentes
1335 2216 1488 2280 aquas·

197 2315 286 2361 que
312 2315 529 2360 perennes
562 2299 744 2346 habent.
786 2297 851 2344 Ibi
878 2298 1050 2344 stativis
1084 2311 1163 2342 rex
1195 2309 1274 2356 per
1312 2289 1487 2349 aliquot

198 2369 291 2416 dies
319 2370 507 2429 habitis,
538 2371 777 2418 flusstuatus
804 2370 957 2416 animo
991 2368 1080 2425 est,
1100 2378 1249 2413 utrum
1280 2361 1496 2423 protinus⁴

200 2442 247 2491 in
261 2461 448 2509 regnum
468 2444 509 2492 se
525 2444 768 2508 reciperet,
785 2460 839 2490 an
858 2442 1024 2491 reverti
1044 2441 1090 2487 in
1102 2435 1366 2488 Thessaliam
1388 2432 1491 2498 posw
