1592 2724
330 191 879 238 HISTORIARUM
921 189 1047 235 LIB.
1086 187 1244 233 XXX.
1343 198 1428 230 201

139 302 288 362 'c'pfizm
317 319 369 346 ac
387 316 557 361 penates
588 303 646 344 ita
667 300 881 343 habituros
899 331 913 353 9
931 296 982 359 st
1004 313 1090 339 non
1115 297 1160 338 in
1190 311 1236 338 ea
1256 309 1439 352 quoque,

154 394 234 436 quo
263 376 375 419 nihil
401 379 567 420 ulterius
584 373 838 435 ι[ιἰ,]ὶενι”νιε
862 373 1048 430 populus
1078 369 1298 412 Romanus
1326 367 1441 410 velit.

155 449 273 493 Cum
306 446 421 492 flesti
450 444 753 492 misericordia
784 443 934 488 Patres
966 450 1231 502 appareret,
1260 437 1441 483 senato-

154 535 256 566 rum
284 536 424 566 unum
447 518 652 564 infestum
680 513 877 578 perfidiae
898 509 1323 575 Carthaginienslum
1343 507 1445 561 fuce

156 593 358 639 clamasse
385 590 559 646 ferunt,
594 594 677 637 Per
699 607 799 650 quos
827 589 949 633 Deos
962 587 1111 646 foedus
1143 584 1262 631 ic‘luri
1297 580 1445 646 efflat,

158 683 248 710 cum
284 681 350 709 eos
371 699 383 720 ,
409 682 484 724 per
510 679 611 722 quos
645 677 739 705 ame
757 660 878 705 iflum
907 658 1026 722 effice,
1049 655 1329 720 fefellzffinc?
1366 658 1448 701 Per

157 738 314 798 eofilem
331 771 345 792 ,
365 734 510 797 inquit
532 731 808 789 Hasdrubal,
829 734 898 795 qui
927 748 1013 778 tam
1033 730 1167 795 infesti
1189 729 1296 791 sunt
1311 725 1448 786 foede-

159 830 205 857 ra
227 812 496 856 violantibus.

226 883 383 928 XLIII.
422 879 650 927 Inclinatis
669 877 876 925 omnium
896 875 949 922 ad
968 890 1122 937 pacem
1151 872 1310 920 animis
1324 907 1340 930 ‚
1361 871 1452 918 Cn.'

160 955 377 1002 Lentulus
407 952 592 1009 consul,
625 951 697 999 cui
726 950 866 998 claffis
893 947 1136 1012 provincia
1173 957 1291 1003 erat,
1322 943 1451 990 sena-

162 1027 442 1076 tusconsulto
472 1025 727 1073 intercessit.
759 1025 878 1071 Tum
901 1022 979 1069 Μ’.
1001 1021 1171 1068 Acilius
1199 1020 1249 1066 &
1277 1020 1339 1078 Q.
1360 1017 1453 1063 Mi-

164 1102 324 1147 nucius
345 1099 515 1146 tribuni
534 1097 677 1161 plebis
697 1097 752 1142 ad
771 1093 993 1158 populum
1014 1093 1243 1149 tulerunt,
1266 1095 1454 1146 Vellent,

157 1177 395 1234 julverenme
410 1174 608 1234 senatum
642 1173 867 1226 decernere,
897 1183 943 1213 ut
976 1186 1064 1214 cum
1099 1162 1456 1227 Carthaginiensl-

168 1252 242 1294 [ηις
256 1263 354 1306 pax
362 1245 480 1303 fieret
494 1263 514 1298 ;
549 1242 591 1290 δ’
617 1261 731 1303 quem
764 1259 853 1286 eam
873 1259 1017 1301 pacem
1037 1242 1157 1296 dare,
1190 1254 1378 1298 quemque
1398 1253 1456 1279 ex:

170 1319 324 1377 Africa
357 1318 559 1362 exercitus
579 1317 788 1374 deportare
809 1313 1030 1367 juberent?
1065 1311 1139 1357 De
1160 1324 1268 1372 pace
1293 1306 1356 1351 uti
1375 1316 1459 1355 r0-j

169 1391 335 1455 gassent
351 1425 364 1447 ‚
386 1404 544 1435 omnes
572 1386 715 1433 tribus
734 1385 971 1447 jusserunt:
998 1400 1154 1446 pacem
1180 1383 1281 1428 darc
1304 1382 1349 1426 P.
1366 1378 1460 1425 Sci·

170 1464 357 1527 pionem
372 1498 386 1520 ,
403 1459 596 1509 eundem
617 1460 839 1507 exercitus
859 1459 1109 1521 deportare.
1132 1458 1199 1502 Ex
1223 1456 1308 1501 hac
1328 1469 1462 1515 roga-

172 1538 300 1584 tione
329 1536 505 1583 senatus
523 1534 749 1591 decrevit,
774 1545 824 1579 ut
845 1534 891 1580 Ρ.
911 1531 1065 1595 Scipio
1086 1548 1142 1577 ex
1167 1529 1320 1577 decem
1343 1526 1460 1589 lega-

174 1626 326 1674 torum
356 1611 573 1658 sententia
599 1627 755 1673 pacem
786 1625 888 1654 curn
912 1606 1087 1670 populo
1114 1600 1462 1664 Carthaginien-

176 1687 238 1745 si,
270 1686 434 1748 quibus
472 1683 644 1748 legibus
680 1683 719 1728 ei
756 1681 1023 1735 videretur,
1061 1676 1241 1723 faceret.
1286 1670 1463 1717 Gratias

175 1758 335 1806 deinde
369 1756 571 1804 Patribus
609 1771 737 1818 egere
765 1747 1182 1814 Carthaginienses,
1218 1744 1464 1808 petierunt-

177 1847 263 1894 que
283 1867 297 1889 ,
335 1842 384 1877 ut
411 1830 489 1876 fibi
523 1830 569 1875 in
602 1829 758 1875 urbem
788 1824 980 1871 introire
1000 1858 1015 1882 ,
1043 1825 1092 1870 &
1123 1817 1330 1882 colloqui
1359 1833 1464 1863 cum

177 1904 359 1951 civibus
385 1903 471 1949 suis
501 1902 681 1958 liceret,
714 1899 791 1963 qui
829 1896 947 1960 capti
974 1895 1021 1941 in
1049 1892 1228 1958 publica
1263 1890 1466 1939 custodia

179 1979 331 2025 essent.
378 1978 462 2024 effe
500 1977 547 2023 in
585 1976 636 2021 iis
674 1973 836 2037 partim
880 1970 1163 2034 propinquos
1205 1964 1467 2028 amicosque

182 2050 311 2108 suos,
353 2049 527 2095 nobiIes
555 2047 763 2094 homines
786 2063 800 2101 3
837 2044 999 2107 partim
1027 2042 1080 2088 ad
1108 2056 1226 2104 quos
1259 2038 1472 2085 mandata

181 2142 205 2170 a
223 2122 491 2186 propinquis
513 2121 740 2167 haberent.
771 2118 950 2178 Quibus
970 2113 1234 2171 conventis,
1251 2129 1351 2159 cum
1370 2127 1466 2156 rur-

181 2196 251 2242 sus
274 2206 477 2256 peterent
492 2228 506 2249 ‚
531 2204 581 2237 ut
599 2191 706 2248 fibi,
734 2205 848 2253 quos
866 2188 1064 2244 vellent,
1089 2202 1144 2232 ex
1173 2184 1226 2232 iis
1246 2182 1470 2230 redimen-

182 2267 226 2314 di
249 2265 443 2330 potestas
470 2264 621 2318 fieret;
644 2262 740 2324 juffi
766 2261 952 2308 nomina
980 2259 1136 2306 edere:
1159 2259 1235 2314 &‚
1263 2271 1363 2302 cum
1387 2253 1468 2298 du-

183 2352 341 2387 centos
363 2337 504 2384 ferme
523 2337 730 2391 ederent,
750 2330 1179 2380 senatusconsultum
1197 2328 1362 2374 faSum
1381 2323 1470 2383 est,

186 2417 252 2459 Ut
291 2415 415 2474 legati
452 2412 639 2456 Romani
670 2411 865 2454 ducentos
895 2425 949 2452 ex
988 2406 1192 2465 captivis,
1227 2416 1327 2460 quos
1367 2399 1472 2443 Car-

183 2484 461 2550 thaginienses
489 2485 668 2542 vellent,
702 2483 764 2528 ad
792 2480 846 2526 P.
877 2480 1113 2527 Cornelium
1150 2473 1389 2534 Scipionem
1422 2470 1483 2515 in
