1592 2724
192 129 281 197 198
550 129 1120 182 T1T1L1vt1

251 245 369 292 XLI.
391 244 438 292 P.
460 241 665 307 Scipioni
685 260 788 292 cum
808 243 1079 292 exercitibus
1094 279 1110 303 ,
1127 258 1243 308 quos
1259 243 1444 292 haberet
1461 253 1479 302 ζ

182 317 234 365 in
253 317 495 382 provincia
521 316 674 364 Africa
693 330 988 381 prorogatum
1014 317 1268 381 imperium.
1288 317 1477 364 Praetori

183 390 253 437 M.
272 389 463 436 Valerio
486 389 663 436 Faltoni
681 390 782 437 duae
801 389 1002 454 legiones
1019 390 1066 437 in
1084 390 1292 449 Bruttiis,
1310 390 1479 453 quibus

183 463 239 509 C.
269 461 426 511 Livius
445 462 595 525 priore
611 477 734 508 anno
757 462 1020 524 praefuerat‚
1039 462 1246 509 decretae.
1267 462 1313 508 Ρ.
1336 461 1478 509 AElius

182 547 355 601 praetor
391 536 498 582 duas
529 534 732 597 legiones
757 535 804 581 in
835 536 986 583 Sicilia
1018 536 1076 582 ab
1107 535 1196 582 Cn.
1224 532 1478 581 Tremellio

183 609 425 672 acciperet.
445 609 587 672 Legio
617 625 706 655 una
726 610 790 655 M.
823 609 962 656 Fabio
981 609 1027 656 in
1049 607 1297 657 Sardiniam
1311 643 1324 666 ,
1341 624 1477 673 quam

182 682 232 730 P.
258 680 475 727 Lentulus
500 697 586 743 pro
608 693 805 744 praetore
834 682 1079 741 habuisset,
1103 681 1374 730 decernitur.
1407 682 1475 729 M.

182 754 381 801 Servilio
404 753 570 819 prioris
589 754 696 801 anni
717 753 918 814 consuli,
938 773 1041 803 cum
1065 755 1152 803 suis
1174 755 1348 802 duabus
1365 753 1474 800 item

180 830 462 894 legionibus,
494 829 541 876 in
575 829 753 876 Etruria
787 843 1085 894 prorogatum
1122 828 1362 892 imperium
1395 826 1475 875 est.

182 903 328 962 Quod
347 903 403 947 ad
424 900 657 963 Hispanias
679 900 888 946 attineret
902 936 917 959 ,
934 900 1110 964 aliquot
1134 898 1223 961 jam
1242 915 1387 946 annos
1408 897 1472 944 ibi

177 977 229 1021 L.
259 974 529 1022 Cornelium
556 972 797 1020 Lentulum
826 974 876 1020 &
905 975 954 1020 L.
975 972 1199 1020 Manlium
1229 972 1470 1019 Acidinum

179 1050 281 1097 effe.
314 1049 378 1095 uti
402 1047 608 1096 consules
640 1065 743 1095 cum
763 1047 955 1095 tribunis
975 1061 1178 1112 agerent,
1202 1048 1233 1094 s1
1254 1048 1316 1096 eis
1339 1046 1468 1094 vide-

175 1136 325 1181 retur,
354 1134 403 1168 ut
423 1121 601 1185 plebem
622 1133 858 1184 rogarent,
880 1120 952 1168 cui
968 1120 1175 1183 juberent
1191 1121 1239 1168 in
1259 1119 1468 1183 Hispania

175 1195 419 1257 :imperium
445 1193 544 1241 effe.
585 1193 620 1240 is
652 1210 709 1240 ex
741 1193 917 1241 duobus
945 1193 1215 1240 exercitibus
1250 1191 1298 1239 in
1331 1208 1469 1238 unam

172 1270 403 1333 legionem
423 1267 727 1316 conscriberet
746 1269 981 1315 Romanos
999 1269 1186 1328 milites,
1202 1269 1250 1316 &
1270 1267 1316 1314 in
1334 1267 1469 1330 quin-

172 1341 321 1389 decim
344 1341 558 1389 cohortes
579 1339 904 1387 socios-Latini
927 1340 1153 1398 nominis,
1175 1339 1338 1404 quibus
1359 1354 1466 1402 pro·

172 1414 376 1463 vinciam
404 1413 663 1460 obtineret:
685 1425 858 1460 veteres
884 1413 1047 1461 milites
1072 1416 1121 1462 L.
1149 1412 1394 1460 Cornelius
1415 1414 1466 1460 &

169 1488 220 1533 L.
253 1485 450 1533 Manlius
482 1485 528 1531 in
565 1483 731 1532 Italiam
756 1486 1062 1549 deportarent.
1094 1485 1317 1532 Cornelio
1347 1501 1464 1531 con-

166 1558 252 1605 suli
281 1558 608 1623 quinquaginta
637 1558 825 1606 navium
853 1558 995 1606 claffis
1024 1575 1082 1605 ex
1113 1558 1279 1604 duabus
1316 1557 1463 1604 claffi-

167 1631 279 1690 bus,
304 1634 390 1679 Cn.
422 1630 635 1689 Gelani,
667 1649 767 1696 quae
800 1631 847 1679 in
880 1631 1034 1679 Africa
1067 1631 1197 1690 esset,
1224 1631 1273 1678 Ρ.
1303 1630 1462 1691 Vinii,

165 1719 269 1766 quae
290 1704 453 1751 Siciliae
473 1721 599 1751 oram
621 1705 833 1752 tuebatur
847 1741 862 1764 ‚
881 1705 1085 1763 decreta,
1105 1715 1177 1763 ut,
1195 1720 1300 1768 quas
1320 1721 1462 1753 naves

164 1775 576 1840 vellet2deligeret.
592 1779 634 1823 P.
655 1777 810 1840 Scipio
830 1778 1126 1842 quadraginta
1142 1776 1301 1840 longas
1320 1794 1459 1824 naves

162 1846 369 1907 haberet,
402 1867 509 1913 quas
544 1850 776 1900 habuisset.
812 1851 974 1915 quib-us
1006 1851 1039 1897 fi
1070 1853 1156 1899 Cn,
1187 1850 1456 1909 Ostavium,

160 1921 275 1969 :sicut
303 1924 567 1986 praefuisset,
588 1926 766 1988 praeesse
787 1926 954 1983 vellet,
985 1925 1186 1973 O&avio
1218 1942 1304 1988 pro
1336 1942 1455 1988 prae-

158 2006 261 2041 tore
281 1996 327 2041 in
350 2013 449 2043 eum
472 2016 641 2045 annum
660 1998 897 2063 imperium
920 1999 1021 2045 esset
1047 2018 1059 2045 :
1078 1998 1109 2044 fi
1133 1999 1313 2045 Laelium
1335 2016 1454 2061 prae-

156 2066 336 2127 ficeret,
358 2069 574 2116 Ostavius
605 2072 800 2117 Romam
835 2071 1097 2119 decederet:
1127 2071 1453 2135 reduceretque

154 2159 324 2202 naves,
344 2143 506 2208 quibus
534 2145 800 2208 proconsuli
827 2145 926 2192 usus
949 2163 1045 2193 non
1065 2147 1182 2194 effer.
1215 2150 1271 2194 Et
1289 2148 1351 2194 M.
1370 2150 1450 2194 Fa-

153 2217 237 2265 bio
261 2218 309 2266 in
334 2219 582 2267 Sardiniam
613 2220 765 2267 decem
795 2220 945 2286 longae
977 2238 1117 2268 naves
1154 2222 1356 2268 decretae.
1393 2222 1450 2268 Et

153 2292 365 2340 consules
384 2293 491 2340 duas
508 2293 709 2357 legiones
730 2294 922 2342 urbanas
939 2295 1128 2342 scribere
1145 2294 1264 2355 justi:
1284 2306 1331 2339 ut
1350 2309 1447 2355 qua·

152 2365 410 2413 tuordecim
446 2365 701 2430 legionibus
737 2384 794 2414 eo
841 2383 995 2425 anno,
1029 2378 1212 2417 centum
1253 2364 1445 2414 navibus

150 2435 302 2503 longis
330 2436 574 2504 respublica
596 2437 995 2488 administraretur.
