1592 2724
265 154 1205 219 HISTORiARUMLIB.XXX11.
1292 166 1387 234 289

107 291 473 344 perrumperent,
491 276 733 324 emittebat.
752 275 836 320 Sed
856 275 910 320 ad
929 275 1028 321 loca
1047 275 1250 339 angusta,
1266 277 1386 324 haud

107 354 196 399 late
215 361 391 414 patente
408 349 650 396 intervallo
670 346 804 393 diruti
823 346 966 403 muri,
996 364 1134 408 genus
1156 365 1387 396 armorum

109 442 362 491 pugnaeque
389 423 507 470 hosti
535 421 681 485 aptius
706 433 812 466 erat.
842 419 919 465 ubi
947 419 1140 466 conferti
1161 422 1298 468 hastas
1320 424 1390 469 in-

110 497 253 561 gentis
284 493 580 559 longitudinis
606 508 695 554 prae
726 489 766 536 se
796 490 1069 537 Macedones
1096 490 1390 551 objecissent,

109 572 242 618 velut
273 572 319 616 in
343 566 636 616 constructam
663 563 874 610 densitate
901 563 1171 627 clypeorum
1203 565 1390 612 testudi-

111 662 213 691 nem
236 640 429 690 Romani
447 676 460 698 ‚
479 638 579 702 pilis
603 635 906 699 nequidquam
927 636 1087 683 emiffis
1101 672 1116 693 ,
1137 653 1239 683 cum
1264 637 1392 685 strin-

111 717 273 766 xiffent
289 713 480 777 gladi053
498 726 641 772 neque
660 709 871 772 congredi
892 709 1101 771 propius,
1118 725 1261 772 neque
1279 727 1392 772 prae-

113 789 263 837 cidere
285 785 424 831 hastas
455 794 664 846 poterant
685 800 695 828 ε
723 783 796 839 &‚
818 781 848 827 fi
870 797 978 844 quas
1007 780 1286 840 incidiffent,
1315 797 1394 831 aut

113 855 452 924 praefregissent,
477 853 644 900 hastilia
677 852 927 916 fragmento
958 852 1055 914 ipso
1081 869 1214 900 acuto
1232 890 1244 911 ,
1275 854 1394 901 inter

114 935 282 999 spicula
311 933 578 994 integrarum
606 926 851 984 hastarum,
880 927 1006 973 velut
1036 927 1204 973 vallum
1237 929 1396 990 exple-

114 1010 238 1057 bant.
267 1005 338 1052 Ad
368 1003 460 1048 hoc
494 1002 541 1048 δε
570 998 686 1045 muri
719 1016 817 1061 pars
845 998 992 1045 adhuc
1014 998 1183 1061 integra
1208 1010 1396 1063 utraque

112 1093 208 1128 tuta
231 1075 460 1141 praestabat
487 1074 648 1120 latera:
688 1089 768 1119 nec
796 1088 851 1117 ex
879 1072 1020 1134 longo
1047 1071 1187 1134 spatio
1217 1085 1293 1119 ait
1323 1091 1400 1121 ce-

117 1154 315 1201 dendum
332 1187 345 1208 ,
362 1160 437 1196 aut
458 1148 648 1209 impetus
677 1146 904 1193 faciendus
924 1157 1044 1201 erat,
1071 1163 1170 1208 quae
1201 1164 1269 1194 res
1300 1160 1398 1193 tur-

118 1228 222 1274 bare
256 1222 436 1270 ordines
472 1219 597 1266 solet.
632 1218 822 1264 Accefiit
858 1218 988 1262 etiam
1025 1216 1208 1263 fortuita
1242 1234 1311 1263 res
1345 1220 1400 1264 ad

116 1298 292 1345 animos
321 1311 477 1342 eorum
502 1291 760 1338 firmandos.
791 1307 890 1336 nam
924 1306 1025 1335 cum
1054 1291 1187 1336 turris
1213 1308 1291 1352 per
1319 1309 1401 1354 ag-

120 1387 268 1435 gerem
290 1384 446 1431 parum
482 1365 650 1411 densati
671 1365 753 1411 soii
783 1375 1006 1427 ageretur,
1034 1376 1134 1409 rota
1155 1381 1244 1409 una
1264 1365 1308 1410 in
1333 1367 1400 1411 al-

120 1446 284 1490 tiorem
317 1440 508 1487 orbitam
542 1438 736 1500 depressa
770 1438 829 1485 ita
863 1436 1019 1482 turrim
1050 1436 1318 1496 inclinavit,
1350 1454 1402 1487 ut

120 1516 310 1579 speciem
348 1512 516 1559 ruentis
553 1511 780 1570 hostibus,
815 1509 1248 1573 trepidationemque
1286 1510 1402 1559 insa-

123 1610 226 1640 nam
257 1587 600 1652 superstantibus
628 1587 804 1632 armatis
829 1586 1082 1648 praebuerit.

190 1664 352 1712 XVIII.
372 1661 489 1706 Cum
511 1675 660 1720 parum
683 1658 925 1721 quidquam
947 1657 1225 1716 succederet,
1246 1657 1403 1704 consul

125 1738 310 1786 minime
331 1749 461 1795 aequo
476 1731 627 1777 animo
648 1730 1032 1790 comparationem
1054 1729 1244 1775 militum
1268 1747 1405 1793 gene-

125 1813 188 1859 ris
218 1823 536 1869 armorumque
567 1804 660 1851 fieri
688 1805 968 1868 patiebatun:
991 1804 1118 1849 simul.
1149 1821 1230 1851 nec
1258 1817 1406 1851 matu-

127 1901 221 1931 ram
249 1879 532 1944 expugnandi
562 1878 679 1939 spem
693 1915 708 1934 ‚
728 1894 808 1924 nec
828 1877 1048 1924 rationem
1068 1877 1227 1938 procul
1254 1895 1277 1922 a
1295 1877 1408 1924 mari

128 1954 244 2002 &in
262 1950 466 1999 evastatis
499 1950 603 1996 belli
627 1949 821 1996 cladibus
852 1948 966 1995 locis
981 1945 1251 1994 'hibernandi
1269 1950 1407 1996 ullam

130 2025 350 2075 cernebat.
389 2023 531 2085 itaque
565 2023 713 2069 relifla
748 2022 1010 2079 obfidione,
1042 2021 1145 2084 quia
1179 2021 1327 2068 nullus
1359 2022 1408 2067 in

129 2112 228 2147 tota
257 2096 519 2143 Acarnaniae
548 2111 678 2158 atque
704 2095 882 2142 AEtoliae
903 2111 982 2140 ora
1010 2106 1167 2156 portus
1192 2105 1306 2151 erat,
1331 2094 1408 2156 qui

130 2170 258 2219 simul
283 2171 333 2232 §c
359 2183 516 2214 omnes
545 2168 799 2226 onerarias,
825 2184 925 2230 quae
954 2178 1256 2213 commeatum
1284 2183 1410 2211 exer-

132 2243 243 2291 citui
278 2239 544 2302 portabant,
567 2252 767 2302 caperet,
793 2243 841 2287 &
870 2240 981 2285 tecta
1001 2240 1054 2284 ad
1086 2238 1412 2284 hibernandum

134 2314 386 2379 legionibus
417 2313 654 2374 praeberet,
676 2311 897 2375 Anticyra
917 2311 963 2357 in
996 2310 1192 2356 Phocide
1208 2345 1222 2366 ,
1248 2310 1293 2354 in
1315 2310 1414 2356 Co·

136 2388 354 2434 rinthium
396 2384 519 2432 versa
556 2384 726 2442 finum,
760 2385 816 2429 ad
852 2384 894 2428 id
930 2381 1300 2444 opportuniffime
1334 2382 1414 2428 fita

137 2461 230 2510 visa
253 2477 262 2504 ε
285 2461 390 2512 Quia
424 2475 506 2504 nec
544 2457 704 2518 procul
738 2456 959 2504 Theffalia
986 2455 1265 2517 hostiumque
1299 2455 1414 2504 locis

205 2535 255 2579 T.
286 2536 377 2579 Liv.
406 2535 504 2579 Vol.
535 2534 591 2579 V.
1122 2526 1165 2571 T
