1592 2724
137 157 198 190 20
484 135 1048 184 T1T1L1v11

135 234 248 305 nire,
279 246 435 292 Siciliae
452 277 466 300 ‚
495 262 619 306 quam
645 246 782 290 Italiae
797 279 812 300 ,
845 245 1019 289 colena'ae
1055 242 1250 300 majorem
1280 259 1419 289 curam

139 319 229 382 est}-
263 319 349 365 Sed
373 335 441 364 res
466 317 812 380 haudquaquam
842 326 935 361 erat
958 314 1134 377 populo
1164 314 1335 374 facilis,
1370 317 1421 364 &

139 392 291 439 liberis
322 391 573 439 cultoribus
594 389 716 437 bello
752 388 986 443 absumtis,
1018 390 1065 435 δε
1095 388 1251 450 inopia
1275 387 1419 435 servi-

140 465 341 521 tiorum,
380 466 431 511 ὃ(
460 480 626 524 pecore
662 462 870 525 direpto,
913 461 1122 525 villisque
1156 463 1313 510 dirutis
1348 476 1422 511 aut

141 536 346 583 incensis.
389 552 549 598 magna
580 546 728 581 tamen
764 551 864 596 pars
897 533 1158 580 ati&oritate
1187 533 1421 581 consulum

141 606 371 670 compulsa
391 607 436 652 in
455 622 586 669 agros
605 605 874 667 remigravit.
904 608 1150 656 Moverant
1169 619 1315 652 autem
1337 605 1424 652 hn-

141 680 262 743 jusce
295 679 357 725 rei
382 679 661 726 mentionem
681 679 1046 725 Placentinorum
1073 680 1123 726 &
1139 681 1425 725 Cremonen-

143 754 254 812 1inm
272 750 427 815 legati,
445 762 683 814 querentes
698 787 714 807 ‚
743 768 894 814 agrum
913 750 1037 797 suum
1057 751 1113 797 ab
1131 749 1297 797 accolis
1316 750 1424 796 Gal-

142 827 197 873 lis
223 822 436 871 incursari
465 841 517 872 ac
546 824 740 882 vastari,
773 841 1066 887 magnamque
1092 836 1263 887 partem
1292 823 1427 870 colo-

146 914 310 946 norum
332 895 510 943 suorum
535 895 744 958 dilapsam
767 895 874 953 effe,
900 896 948 942 δε
967 894 1271 959 infrequentes
1290 893 1330 940 se
1352 907 1428 941 m·-

144 971 221 1017 bes
241 1005 256 1028 ‚
285 986 437 1032 agrum
470 967 643 1015 vastum
675 984 725 1014 ac
758 967 976 1013 desertum
1011 967 1186 1014 habere.
1217 967 1426 1014 Mamilio

143 1043 330 1107 praetori
358 1042 612 1087 mandatnm
630 1075 643 1097 ‚
670 1052 720 1086 nt
740 1039 946 1086 colonias
972 1040 1027 1085 ab
1055 1039 1183 1086 hoste
1213 1051 1428 1088 tueretur.

145 1115 370 1163 Consules
397 1131 451 1160 ex
472 1111 852 1160 senatusconsulto
877 1113 1113 1159 edixerunt
1129 1147 1142 1170 ‚
1170 1125 1245 1170 nt,
1268 1112 1346 1175 qui
1367 1112 1428 1158 ci·-

145 1204 228 1234 ves
245 1184 572 1234 Cremonenses
595 1197 727 1248 atque
746 1183 990 1230 Placentini
1014 1184 1149 1230 essent
1164 1219 1177 1239 ‚
1209 1195 1311 1228 ante
1329 1199 1429 1229 cer-

146 1271 239 1307 tam
259 1258 373 1304 diem
394 1257 440 1302 in
458 1256 665 1303 colonias
683 1248 1032 1301 reverterentur.
1057 1254 1284 1318 principio
1305 1254 1428 1300 dein-

146 1335 202 1379 de
229 1331 345 1378 veris
375 1332 423 1378 &
446 1328 523 1391 ipsi
544 1328 599 1374 ad
625 1327 790 1374 bellum
811 1326 1001 1390 prosecti
1035 1327 1148 1375 sunt.
1188 1328 1249 1387 Q.
1277 1327 1430 1374 Caeci-

147 1405 233 1451 lius
264 1401 418 1450 consul
453 1398 701 1447 exercitum
733 1399 789 1445 ab
818 1401 872 1446 C.
894 1400 1109 1456 Nerone,
1140 1401 1189 1445 L.
1217 1398 1431 1446 Veturius

148 1477 202 1523 ab
231 1477 297 1535 Q.
319 1473 513 1521 Claudio
538 1484 820 1536 propraetore
850 1472 1047 1535 accepit,
1082 1471 1304 1535 novisque
1342 1471 1432 1517 min

148 1549 303 1595 litibus
317 1582 331 1604 ‚
350 1562 468 1610 qnos
487 1546 578 1609 ipse
597 1544 940 1607 conscripserat,
963 1544 1203 1609 supplevit.
1231 1548 1281 1591 ln
1300 1546 1431 1592 Con-
1470 1572 1474 1574 -

148 1620 370 1667 seminum
391 1634 542 1681 agrum
566 1616 770 1664 consules
793 1616 1039 1664 exercitum
1069 1618 1316 1673 (luxerunt,
1336 1617 1429 1679 pas-

147 1694 318 1756 simque
349 1689 640 1753 depopulati,
673 1705 774 1736 cnm
807 1705 966 1752 agmen
995 1688 1081 1750 jam
1113 1706 1250 1752 grave
1281 1688 1431 1751 praeda

147 1766 284 1823 esset,
318 1763 365 1809 in
392 1763 499 1809 saltu
528 1761 717 1825 angusto
753 1778 777 1808 a
806 1761 988 1808 Bruttiis
1019 1761 1430 1825 iaculatoribusque

147 1838 357 1887 Numidis
375 1835 540 1882 turbati
560 1835 690 1891 sunt3
725 1835 785 1882 ita
805 1847 853 1881 ut
872 1852 966 1881 non
987 1836 1132 1897 praeda
1149 1871 1162 1893 ,
1185 1835 1257 1881 sed
1275 1834 1431 1882 armati

149 1927 336 1976 quoqne
373 1909 418 1955 in
453 1908 656 1972 periculo
690 1908 871 1955 fuerint.
906 1906 1052 1967 major
1080 1920 1229 1954 tamen
1265 1906 1434 1953 tumul-

148 1996 249 2042 tus,
279 1999 413 2047 qnam
441 1998 616 2045 pugna,
647 1981 757 2027 snit:
789 1981 838 2026 &
857 1978 1072 2042 praemiffa
1097 1979 1270 2041 praeda,
1301 1977 1435 2024 inco-

148 2058 293 2104 lumes
321 2058 372 2104 &
398 2056 598 2118 legiones
620 2054 666 2101 in
686 2054 788 2101 loca
806 2064 900 2100 tuta
926 2053 1115 2099 evasere.
1151 2052 1257 2098 Inde
1276 2051 1322 2098 in
1342 2053 1433 2097 Lu-

150 2146 291 2178 canos
325 2128 527 2192 profeffi.
563 2144 613 2174 ea
634 2127 723 2173 fine
743 2126 986 2173 certamine
1020 2138 1115 2173 tota
1147 2141 1253 2189 gens
1289 2123 1335 2172 in
1365 2122 1434 2170 di-

149 2204 322 2251 tionem
350 2201 509 2266 populi
527 2200 723 2248 Romani
742 2200 887 2246 rediit.

212 2277 314 2322 XII.
350 2276 469 2322 Cum
498 2273 751 2320 Hannibale
783 2273 894 2319 nihil
929 2272 994 2319 eo*
1016 2288 1140 2319 anno
1173 2269 1236 2316 rei
1265 2267 1437 2333 gestum·

148 2347 227 2394 est.
271 2364 372 2395 nam
401 2363 547 2410 neque
569 2345 658 2407 ipse
680 2346 720 2392 se
752 2344 919 2393 obtulit
951 2346 998 2391 in
1028 2359 1115 2393 tam
1137 2343 1305 2392 recenti
1327 2342 1432 2389 vul-

149 2436 257 2467 nere
283 2420 468 2484 publico
499 2419 806 2484 privatoque,
838 2434 983 2482 neque
1003 2418 1284 2468 lacessierunt
1305 2415 1437 2481 quie-2
