1592 2724
0 238 5 344 ί

283 178 830 225 HISTORIARUM
872 180 998 224 Llss.
1033 176 1248 224 XXXIII.
1320 192 1403 239 341

129 283 236 348 giis,
258 284 334 348 qui
356 296 620 340 tenuerant,
639 282 898 346 occupavit.
928 285 977 328 In
998 295 1201 345 tempore
1222 284 1270 329 &
1296 283 1350 329 ad
1369 282 1416 330 ic}

126 357 266 419 ipsum
287 358 485 404 excitum
517 355 735 403 auxilium
753 390 766 412 ,
787 354 910 401 mille
933 354 1088 400 Achaei
1116 355 1283 416 pedites
1306 371 1412 403 cum

127 442 309 476 centum
355 430 579 492 equitibus
623 428 994 491 supervenerunt.
1037 426 1311 472 Theoxenus
1356 425 1410 471 iis

126 515 329 566 praeerat.
347 502 620 550 Dinocrates
636 536 649 559 ,
667 499 812 563 regius
834 497 1066 561 praefeftus
1081 533 1094 555 ,
1113 495 1410 559 recuperandi

126 575 292 621 castelli
311 575 466 631 causa,
486 574 635 637 primo
657 572 791 620 castra
811 573 866 618 ad
894 571 984 634 ipsa
1002 570 1216 618 Tendeba
1233 570 1408 628 movit,

126 645 228 690 inde
248 645 302 691 ad
321 645 509 691 alterum
528 643 778 700 castellum,
799 643 902 688 item
926 640 1264 688 Stratonicensis
1284 639 1377 703 agri
1395 657 1407 686 ε

124 717 343 780 Astragon
383 728 570 763 vocant.
610 714 910 778 omnibusque
946 730 1002 760 ex
1035 712 1274 776 praesidiis,
1306 728 1406 775 quae

123 789 408 836 multifariam
443 788 620 849 disjecia
658 799 809 844 erant,
843 786 1100 845 devocatis,
1141 787 1191 833 ὅ(
1228 786 1281 831 ab
1314 783 1405 847 ipsa

122 862 400 909 Stratonicea
440 861 753 908 Thessalorum
800 860 1109 919 auxiliaribus,
1146 857 1404 915 Ala-banda,

119 934 197 981 ubi
233 934 383 981 hostes
416 945 563 992 erant,
594 934 756 981 ducere
788 933 941 996 pergit.
981 934 1078 979 Nec
1112 930 1284 978 Rhodii
1317 947 1405 992 pu-

121 1024 254 1070 gnam
273 1007 647 1054 detreEiaverunt.
678 1017 835 1070 atque,
856 1005 1005 1053 castris
1026 1006 1070 1051 in
1090 1003 1402 1068 propinquum

121 1079 324 1139 collatis,
347 1080 576 1143 extemplo
603 1079 649 1125 in
678 1078 819 1127 aciem
853 1078 1107 1127 descensum
1141 1076 1216 1124 est.
1250 1076 1403 1123 Dino-

120 1165 262 1201 crates
293 1153 564 1217 quingentos
594 1154 868 1200 Macedonas
888 1153 1046 1199 dextro
1073 1169 1246 1209 cornu,
1277 1151 1399 1197 laevo

119 1223 336 1289 Agrianas
372 1225 522 1271 locat:
555 1225 601 1270 in
630 1225 826 1271 med-ium
861 1225 1024 1288 accipit
1055 1226 1309 1272 contrachs
1343 1240 1399 1269 ex

119 1297 401 1346 castellorum
418 1297 579 1358 (Cares
594 1297 786 1344 maxime
807 1297 952 1360 erant)
972 1297 1180 1360 praesidiis
1198 1315 1208 1343 :
1227 1296 1398 1361 equites

117 1369 332 1417 cornibus
352 1369 620 1427 circumdat,
639 1370 687 1416 δέ
703 1369 981 1416 Cretensium
1001 1369 1232 1416 auxiliares
1252 1370 1396 1415 Thra-

118 1459 327 1506 cumque.
368 1442 538 1490 Rhodii
576 1442 768 1489 Achaeos
816 1442 978 1489 dextro
1016 1459 1190 1500 cornu,
1223 1442 1396 1489 sinistro

117 1515 423 1563 mercenarios
452 1515 640 1574 milites,
667 1515 821 1563 leitam
857 1515 1058 1577 peditum
1084 1533 1293 1572 manum,
1316 1515 1399 1560 ha·

117 1590 282 1645 buere;
303 1589 476 1636 medios
504 1589 643 1636 mixta
672 1605 725 1635 ex
754 1588 956 1651 pluribus
978 1589 1181 1652 gentibus
1201 1588 1365 1636 auxilia
1385 1608 1395 1636 τ

117 1662 287 1725 equites
314 1661 512 1724 levisque
537 1677 768 1709 armaturae
790 1662 914 1724 quod
943 1674 1056 1717 erat,
1081 1663 1294 1709 cornibus
1313 1662 1396 1709 cir-

118 1733 398 1796 cumjeEium.
429 1737 496 1780 Eo
523 1735 593 1781 die
623 1734 833 1781 steterunt
859 1746 1026 1781 tantum
1054 1735 1170 1782 acies
1196 1747 1396 1799 utraeque

117 1807 245 1869 super
264 1808 402 1870 ripam
420 1842 432 1864 ,
450 1806 530 1869 qui
549 1806 671 1852 tenui
692 1823 807 1870 aqua
826 1805 1135 1866 interfluebat,
1154 1808 1394 1856 torrentis:

116 1878 360 1942 paucisque
398 1878 496 1924 telis
530 1878 715 1936 emistis,
748 1879 794 1926 in
831 1880 966 1928 castra
1000 1894 1264 1944 receperunt
1296 1880 1397 1928 sese.

115 1951 301 1997 Postero
333 1951 402 1997 die
425 1952 582 1998 eodem
604 1952 762 1998 ordine
781 1952 976 1999 instruffl
996 1945 1134 2016 majus
1161 1955 1395 2018 aliquanto

118 2024 354 2087 proelium,
374 2042 504 2087 quam
523 2042 608 2086 pro
630 2043 845 2083 numero,
862 2027 1062 2083 edidere,
1082 2027 1396 2090 pugnantium.

118 2113 201 2143 nec
231 2097 349 2142 enim
372 2097 468 2159 plus
500 2108 623 2144 terna
652 2098 791 2145 millia
810 2099 1011 2162 peditum
1038 2099 1190 2160 fuere,
1217 2101 1267 2148 δε
1289 2116 1396 2147 cen-

116 2169 209 2215 teni
231 2167 370 2214 ferme
394 2166 582 2230 equites.
619 2182 813 2215 ceterum
842 2185 940 2217 non
967 2186 1159 2218 numero
1190 2182 1396 2229 tantum,

115 2259 197 2288 nec
226 2257 452 2288 armorum
485 2257 674 2303 genere,
692 2241 765 2289 sed
792 2242 953 2290 animis
970 2259 1156 2308 quoque
1182 2243 1395 2305 paribus„

115 2316 164 2361 &
190 2331 317 2378 aequa
344 2312 416 2376 spe
433 2328 706 2376 pugnarunt.
736 2314 889 2360 Achaei
913 2315 1073 2376 primi,
1102 2327 1304 2363 torrente
1323 2316 1395 2363 su-

113 2398 296 2448 perato,
328 2385 373 2431 in
406 2386 619 2449 Agrianas
649 2385 866 2448 impetum
899 2384 1073 2442 fecere3
1107 2386 1267 2434 deinde
1298 2380 1394 2434 tota

113 2474 257 2522 prope
276 2459 406 2506 cursu
423 2460 675 2524 transgrefl‘a
692 2477 866 2509 amnem
885 2459 1002 2508 acies
1020 2461 1095 2506 est.
1114 2459 1212 2507 Diu
1230 2476 1395 2524 anceps
