1592 2724
303 166 849 217 HISTORIARUM
885 165 1009 211 LIB.
1044 163 1240 211 XXXII.
1326 161 1413 209 281

129 272 310 329 sorum,
331 290 426 320 non
447 273 626 319 destitit.
649 274 860 331 Quatuor
881 270 1021 316 millia
1040 269 1143 316 inde
1161 269 1270 316 lecta
1291 267 1419 331 pedi-

128 358 225 393 tum
260 349 311 394 &
346 360 573 394 trecentos
616 346 786 408 equites
820 344 1006 390 tribuno
1040 342 1233 389 militum
1269 341 1420 389 tradit.

127 421 341 484 Equites,
374 422 527 485 quoad
554 420 657 467 loca
684 419 940 481 patiantur,
966 417 1129 463 ducere
1165 416 1313 475 jubet:
1342 415 1421 463 ubi

127 493 185 540 ad
206 493 331 540 invia
355 493 493 557 equiti
525 507 710 540 ventum
731 492 783 537 iit
798 527 814 548 ,
834 491 880 537 in
901 488 1087 552 planitie
1108 488 1256 551 aliqua
1277 486 1422 534 locari

82 628 85 629 ⁷
127 565 405 627 equitatum3
426 564 594 626 pedites
611 599 624 621 ‚
643 580 730 627 qua
752 564 845 609 dux
870 562 1143 609 monstraret
1164 561 1310 618 viam,
1330 561 1420 606 ire:

130 637 237 696 ubi,
257 650 307 684 ut
334 637 650 700 polliceretur,
682 635 810 698 super
845 647 977 698 caput
1006 635 1202 681 hostium
1225 650 1423 696 perven-

130 723 225 757 tum
246 711 320 770 fit,
345 710 471 756 fumo
492 710 596 756 dare
615 710 784 772 signum
805 727 815 756 :
833 725 917 756 nec
941 719 1041 755 ante
1063 707 1306 754 clamorem
1329 706 1423 753 tol-

130 783 252 841 lere,
280 800 413 846 quam
446 776 503 829 hb
531 783 572 828 se
601 783 729 845 {igno
766 794 953 844 accepto
990 798 1186 845 pugnam
1223 794 1423 843 coeptam

131 855 335 902 arbitrari
365 856 524 918 poffet.
558 856 704 902 Nocte
735 855 894 901 itinera
916 854 1012 900 fieri
1041 854 1194 914 jubet,
1226 855 1304 912 (&
1323 869 1424 915 per·

131 942 229 972 nox
260 925 378 972 forte
400 926 506 972 luna
531 924 654 989 erat)
674 926 870 971 interdiu
892 925 981 971 cibi
1004 923 1252 988 quietisque
1282 922 1424 969 sume-

131 1013 201 1046 ret
229 1011 417 1062 tempus.
440 999 599 1045 ducem
624 998 845 1061 promiffis
873 998 1132 1061 ingentibus
1160 1007 1423 1053 oneratum,

132 1071 166 1117 fi
195 1070 303 1118 fides
329 1071 494 1129 exstet,
527 1071 729 1119 vinctum
761 1084 910 1118 tamen
941 1071 1127 1118 tribuno
1157 1069 1308 1115 tradit.
1343 1069 1424 1115 His

133 1146 279 1208 copiis
307 1145 367 1191 ita
394 1144 602 1203 dimitiis,
631 1161 687 1192 eo
716 1145 1194 1192 intentiusRomanus
1224 1142 1426 1205 undique

133 1217 264 1265 instat
284 1217 383 1280 capi
413 1216 641 1265 stationes.

198 1293 296 1338 XII.
324 1290 506 1337 Interim
526 1291 595 1337 die
619 1291 756 1338 tertio
786 1309 887 1339 cum
917 1290 1133 1338 verticem
1152 1326 1165 1347 ‚
1186 1305 1320 1353 quem
1345 1305 1426 1350 pe-

133 1364 320 1423 tierant,
337 1364 536 1411 Romani
558 1365 717 1427 cepiffe
740 1381 791 1411 ac
819 1376 970 1410 tenere
991 1363 1032 1409 se
1054 1362 1181 1408 fumo
1202 1360 1427 1425 fignifica-

134 1450 262 1494 rent3
295 1450 389 1484 tum
423 1453 572 1496 vem,
607 1437 821 1484 trifariam
862 1436 1014 1484 divisis
1058 1434 1234 1497 copiis,
1270 1432 1427 1480 consul

135 1510 254 1558 valle
276 1509 421 1556 media
447 1526 548 1557 cum
576 1509 770 1557 militum
796 1509 963 1556 robore
992 1506 1189 1554 succedit
1211 1523 1222 1552 :
1254 1521 1427 1552 cornua

133 1585 292 1630 dextra
309 1583 512 1646 laevaque
532 1581 750 1629 admovet
771 1582 933 1629 castris.
961 1597 1045 1626 nec
1076 1577 1250 1642 segnius
1277 1577 1428 1624 hostes

135 1656 321 1704 obviarn
355 1667 490 1702 eunt:
511 1657 586 1709 &‚
615 1654 720 1700 dum
742 1690 756 1713 ,
789 1653 1004 1700 aviditate
1030 1648 1284 1699 certaminis
1314 1664 1428 1710 pro-

136 1730 278 1788 νεῖᾶἱ,
300 1741 423 1775 extra
443 1727 720 1775 munitiones
752 1739 975 1791 pugnant,
996 1724 1113 1771 haud
1136 1722 1275 1786 paulo
1302 1721 1429 1783 supe-

136 1804 233 1856 rior
258 1802 318 1850 est
346 1803 579 1848 Romanus
603 1800 730 1846 miles
747 1836 761 1856 ,
787 1802 836 1847 &
855 1800 1049 1855 virtute,
1073 1798 1123 1843 &
1157 1793 1358 1849 scientia,
1377 1794 1429 1840 &

136 1891 365 1923 armorum
389 1889 565 1937 genere.
593 1871 865 1933 Postquam,
896 1869 1049 1915 multis
1078 1865 1324 1915 vulneratis
1354 1864 1427 1909 in-

136 1948 442 2012 terfeffisq11e,
472 1962 677 2010 recepere
709 1945 751 1991 se
780 1945 888 2009 regii
924 1944 971 1990 in
1003 1943 1137 1999 loca,
1167 1952 1244 1987 aut
1280 1939 1428 1985 muni-

137 2034 293 2069 mento
308 2057 322 2080 ‚
346 2034 421 2068 aut
442 2033 599 2066 natura
620 2031 738 2077 tuta,
760 2028 956 2066 verterat
977 2015 1227 2080 periculum
1251 2012 1298 2059 in
1330 2012 1429 2057 Ro-

136 2112 296 2143 manos
313 2130 327 2152 ‚
347 2107 512 2141 temere
533 2094 579 2140 in
605 2094 710 2141 loca
734 2093 917 2157 iniqua,
938 2108 1022 2139 nec
1051 2089 1204 2137 faciles
1228 2088 1282 2134 ad
1303 2103 1425 2133 rece-

137 2179 264 2230 ptum
294 2167 514 2230 angustias
556 2166 821 2229 progressos.
854 2181 998 2228 neque
1036 2161 1255 2225 impunita
1288 2172 1429 2205 teme-

138 2240 268 2286 ritate
303 2238 405 2285 inde
431 2238 693 2301 recepiffent
723 2237 836 2296 sese,
866 2237 914 2282 ni
944 2236 1117 2283 clamor
1150 2231 1346 2294 primum
1369 2228 1425 2276 ab

136 2323 265 2374 tergo
299 2311 499 2370 auditus,
530 2310 633 2357 dein
664 2326 814 2373 pugna
848 2308 980 2355 etiam
1017 2316 1198 2367 coepta,
1228 2313 1427 2349 amentes

138 2384 380 2447 repentino
410 2396 583 2430 terrore
603 2383 748 2446 regios
770 2381 949 2428 feciffet.
985 2380 1091 2426 Pars
1120 2377 1167 2422 in
1188 2376 1335 2439 fugam
1357 2373 1426 2421 ef-

137 2455 223 2504 fusi
238 2457 367 2505 sunt:
387 2473 488 2521 pars
508 2454 672 2521 magis,
691 2454 798 2522 quia
817 2454 862 2501 lo
870 2470 946 2503 cus
967 2451 1085 2516 fugae
1103 2449 1274 2509 deerat,
1291 2463 1425 2511 quam
