1592 2724
147 153 235 204 106
500 155 1067 201 TITILIVII

139 281 168 308 a
179 264 350 323 publico
378 262 549 327 consilio
567 262 693 326 absit,
716 260 758 309 ὃ*
775 265 949 309 reditum
970 264 1015 307 in
1036 263 1203 328 vestram
1231 263 1429 307 dicionem

139 352 339 395 appareat
355 371 367 391 ‚
396 355 481 381 non
507 341 722 382 voluntate
736 337 905 397 solum,
925 338 1007 398 sed
1035 355 1108 397 ope
1135 339 1257 381 etiam
1276 355 1325 381 ac
1340 339 1430 381 vir-

138 424 221 454 tute
250 409 412 472 nostra;
431 410 569 470 magis
593 412 899 471 indignemini,
929 412 1050 455 bonis
1075 427 1124 454 ac
1138 409 1428 469 fidelibusso-

139 483 219 525 ciis
246 497 332 526 tam
360 498 514 527 atroces
540 496 659 542 atque
689 484 889 543 indignas
921 482 1102 537 injurias
1133 482 1184 524 ab
1214 484 1346 541 legato
1362 498 1429 525 ve-

126 555 217 621 stro
235 555 509 615 militibusque
518 556 628 612 fieri.
648 557 732 600 Sed
747 572 818 616 ego
834 555 1001 615 causam
1023 554 1232 614 utriusque
1245 552 1431 611 defeclio-

138 627 209 670 nis
241 628 380 693 nostrae
411 628 456 670 in
479 628 601 671 aliud
630 642 789 686 tempus
821 625 1095 689 dfflrendJm
1124 627 1302 671 arbitror
1333 622 1430 686 effi,

142 701 319 745 duarum
348 717 477 745 rerum
503 700 645 762 gratia
666 718 682 746 .·
706 703 832 745 unius
850 735 864 758 ,
900 716 946 746 ut
963 719 1099 746 coram
1121 703 1171 746 P.
1208 702 1402 760 Scipione
1414 733 1432 754 ,

141 777 214 834 qui
247 779 399 820 Locros
435 779 602 837 recepit,
639 778 826 822 omnium
866 778 988 822 nobis
1023 775 1118 821 rec‘le
1145 791 1433 835 perperamque

133 845 344 904 ββξῑῖίωνιινη
374 849 482 914 testis
497 883 510 905 ‚
541 864 694 910 agatur
707 867 726 903 ;
749 851 918 894 alterius
936 884 950 906 ‚
983 850 1118 908 quod,
1139 847 1433 907 qualescunque

131 921 310 980 fiemus,
344 936 482 966 tamen
519 924 627 978 haec,
662 941 746 982 quce
774 921 888 983 paffi
904 922 1087 981 fiemus,
1115 922 1210 980 pati
1244 939 1329 964 non
1360 921 1434 964 de-

142 995 317 1038 buimus.
355 996 457 1039 Non
475 992 692 1057 poffiimus
712 994 988 1056 Affinitatem,
1013 997 1160 1039 Patres
1189 992 1436 1052 conscripti,

145 1083 253 1122 nos,
287 1085 376 1111 cum
400 1068 639 1130 pt’a’st'dium
675 1068 886 1113 Punicum
916 1069 960 1111 in
995 1085 1083 1111 arce
1106 1064 1240 1130 nestra
1273 1066 1437 1109 habere-

145 1156 270 1195 mus,
305 1144 437 1184 multa
459 1139 584 1197 sceda
616 1138 658 1186 ἃ
689 1140 896 1200 indigna,
933 1135 1019 1182 &a
1040 1135 1227 1198 praefhft'o
1253 1136 1439 1200 praesidii

144 1213 417 1267 Hamilcare,
450 1212 492 1258 ὃ
522 1216 574 1258 ab
611 1215 814 1257 Numidis
845 1211 1045 1271 Afrisque
1065 1207 1208 1273 paffos
1240 1208 1326 1272 effe.
1353 1211 1439 1253 Sed

145 1289 251 1346 quid
283 1290 360 1332 illa
381 1288 516 1349 sunt,
549 1291 701 1333 collata
735 1304 827 1333 cum
857 1288 935 1341 iis,
961 1301 1048 1345 quae
1079 1284 1200 1328 lzodie
1211 1283 1436 1343 patimur?

144 1360 248 1405 Cum
278 1363 388 1406 bona
414 1364 538 1407 venia
553 1397 566 1418 ‚
588 1361 745 1421 quaeso,
773 1362 961 1406 audiatis
979 1393 993 1416 ,
1023 1361 1172 1404 Patres
1194 1357 1437 1416 conscripti,

144 1434 216 1487 id,
247 1436 359 1493 quod
381 1436 538 1480 invitus
569 1436 721 1480 dicam.
742 1436 795 1479 In
818 1433 1055 1493 discrimine
1079 1432 1133 1497 est
1155 1448 1267 1475 nunc
1289 1431 1437 1474 liuma-

145 1523 246 1550 num
268 1524 385 1552 omne
401 1524 530 1568 genus
544 1542 558 1564 ‚
577 1521 712 1552 utrum
730 1523 804 1552 vos
816 1540 830 1563 ,
853 1524 910 1550 an
941 1503 1299 1565 Carthaginienses
1309 1504 1438 1561 prin-

147 1581 257 1638 cipes
285 1594 480 1626 terrarum
513 1583 666 1626 videat.
692 1578 741 1644 si
767 1598 820 1624 ex
839 1582 915 1635 iis,
940 1595 1024 1638 quae
1049 1575 1266 1635 Locrenses
1292 1591 1368 1620 aut
1384 1577 1438 1620 ab

147 1651 237 1698 illis
246 1653 357 1717 paffi
370 1656 550 1716 sumus,
576 1669 653 1700 aut
675 1671 702 1699 a
724 1655 846 1720 vestro
870 1651 1064 1715 praesidio
1095 1667 1205 1695 nunc
1233 1666 1440 1694 cumma-

148 1729 263 1772 xime
305 1731 521 1788 patimur‚
554 1728 836 1793 <estimandum
867 1726 1111 1770 Romanum
1144 1739 1195 1767 ac
1226 1722 1439 1768 Punicum

147 1801 362 1860 imperium
380 1800 473 1864 sit;
500 1818 619 1845 nemo
644 1818 731 1845 non
758 1801 856 1844 illos
871 1796 961 1860 sibi
973 1831 990 1853 ,
1018 1812 1143 1856 quam
1181 1811 1283 1852 vos,
1303 1796 1441 1840 domi-

148 1891 227 1920 nos
261 1889 470 1934 praeoptet.
509 1875 572 1918 Et
596 1889 733 1919 tamen
766 1873 927 1927 videte,
960 1869 1303 1930 quemadmodum
1353 1868 1441 1911 Lo-

151 1949 305 2008 crenses
327 1951 373 1993 in
402 1966 475 1994 vos
506 1949 688 1992 animati
701 1946 809 2011 sint.
850 1947 949 1990 Cum
970 1961 998 1988 a
1034 1941 1443 2005 Carthaginiensibus

150 2020 334 2077 injurias
357 2037 474 2066 tanto
491 2022 668 2065 minores
693 2021 959 2078 acciperemus
972 2050 986 2074 ‚
1006 2017 1066 2060 ad
1080 2016 1249 2082 vestrum
1265 2010 1455 2075 impera„¹

150 2111 274 2140 torem
295 2094 558 2155 confugimus
571 2112 586 2139 :
615 2112 704 2138 cum
724 2111 751 2137 a
771 2093 894 2158 vestro
905 2090 1096 2154 praesidio
1112 2089 1339 2150 plusquam
1360 2090 1441 2134 ho-

138 2170 264 2236 stilia
285 2171 527 2229 patiamur,
546 2169 748 2228 nusquam
769 2170 855 2211 alio
869 2200 881 2222 a
901 2183 1024 2226 quam
1054 2167 1114 2209 ad
1130 2181 1228 2221 vos,
1262 2165 1442 2224 querelas

153 2245 388 2288 detulimus.
417 2243 512 2286 Aut
535 2258 608 2287 vos
629 2241 849 2301 respicietis
863 2241 1049 2298 perditas
1070 2254 1129 2283 res
1152 2237 1331 2303 nostras,
1352 2238 1442 2281 Pa-

153 2332 231 2362 tres
260 2315 509 2374 conscripti,
542 2328 619 2358 aut
647 2331 696 2358 ne
725 2315 778 2356 ab
809 2313 919 2356 Diis
945 2312 1108 2370 quidem
1141 2309 1443 2355 immortalibus

153 2389 267 2448 quod
283 2404 518 2447 precemur,
547 2387 773 2446 quidquam
794 2383 987 2448 superest.
1022 2382 1079 2442 Q.
1113 2381 1347 2426 Pleminius
1382 2381 1444 2422 le-

151 2470 276 2521 gatus
293 2456 434 2522 miffics
453 2458 507 2526 est
533 2474 626 2503 cum
646 2456 841 2521 praefidio
869 2457 930 2500 ad
950 2456 1201 2514 recipiendos
1218 2470 1245 2497 a
1268 2451 1446 2496 Cartlza-
