1592 2724
198 148 288 196 208
547 144 1113 194 TITILIVII

194 268 324 316 erat,
353 272 456 305 cum
487 255 629 303 AEtoli
659 258 709 304 &
740 255 847 303 belli
877 257 926 303 δε
962 255 1083 319 pacis
1121 253 1301 301 fuiffent
1329 248 1484 302 causae.

193 335 378 386 *Vacuos
406 329 566 377 deinde
586 345 695 393 pace
717 328 887 376 Punica
906 328 994 388 jam
1012 330 1248 375 Romanos
1268 330 1317 376 &
1335 326 1487 374 infen-

195 404 270 454 sos
282 404 515 468 Philippo,
530 421 633 452 cum
650 403 713 450 ob
729 401 911 448 infidam
931 401 1142 449 adversus
1162 401 1340 448 AEtolos
1355 398 1487 447 alios<-

196 495 288 543 que
319 478 517 543 regionis
536 477 732 539 ejusdem
757 475 906 523 socios
931 491 1084 538 pacem
1101 511 1114 534 ,
1145 488 1241 522 tum
1271 474 1331 520 ob
1355 473 1486 520 auxi·-

197 553 261 600 lia
291 569 393 599 cum
419 549 611 614 pecunia
637 565 779 612 nuper
807 549 853 594 in
873 546 1074 595 Africam
1102 546 1225 593 miffa
1245 545 1489 592 Hannibali

197 623 466 688 Poenisque,
493 638 648 687 preces
666 622 1001 669 Atheniensium
1018 656 1030 676 ‚
1053 637 1170 684 quos
1198 636 1305 684 agro
1328 635 1489 682 perva-

198 699 315 746 stato
333 698 380 744 in
399 697 559 743 urbem
587 695 868 758 compulerat
883 730 898 754 ,
927 695 1246 742 excitaverunt
1270 694 1326 741 ad
1352 708 1492 739 reno-

200 768 404 817 vandum
432 766 613 812 bellum.
641 762 648 771 '

268 842 322 887 ΙΙ.
355 839 446 885 Sub
474 838 593 884 idem
624 836 715 885 fere
741 850 916 902 tempus
945 841 994 888 ὅ(
1017 840 1072 887 ab
1094 840 1248 887 Attalo
1280 853 1411 902 rege,
1443 839 1493 885 ὅτ,

202 912 397 960 Rhodiis
426 911 559 974 legati
579 924 805 958 venerunt
819 948 833 968 ,
855 913 1114 960 nuntiantes
1133 947 1147 971 ‚
1173 913 1286 958 Asiae
1308 925 1494 975 quoque

204 987 410 1035 civitates
431 983 677 1032 sollicitari.
699 985 779 1030 His
802 984 1105 1048 legationibus
1123 984 1382 1047 responsum
1405 983 1466 1028 est
1480 1017 1494 1039 ‚

203 1075 328 1106 curae
348 1057 553 1104 Afianam
575 1073 669 1102 rem
690 1055 858 1103 senatui
882 1057 995 1105 fore.
1017 1057 1304 1105 Consultatio
1326 1057 1380 1101 de
1400 1056 1496 1100 Ma-

204 1131 434 1180 cedonico
469 1130 591 1178 bello
622 1129 793 1192 integra
826 1131 881 1177 ad
913 1132 1117 1179 confides
1140 1166 1154 1190 ,
1190 1130 1268 1194 qui
1303 1142 1413 1176 tunc
1449 1127 1498 1173 in

205 1204 376 1269 proelio
396 1220 499 1250 cum
515 1200 638 1263 Boiis
656 1214 782 1249 erant
796 1238 810 1261 ‚
831 1202 989 1264 rejeita
1008 1204 1082 1251 est.
1108 1203 1290 1251 Interim
1312 1202 1367 1249 ad
1383 1203 1492 1247 Pto-

203 1278 419 1324 lemaeum
442 1274 630 1338 AEgypti
657 1290 808 1338 regem
833 1274 966 1338 legati
996 1288 1083 1322 tres
1108 1275 1248 1330 missi,
1281 1275 1334 1320 C.
1357 1272 1499 1319 Clau·-

207 1349 308 1397 dius
326 1349 478 1406 Nero,
496 1349 558 1393 M.
572 1346 778 1393 AEmilius
795 1347 1009 1411 Lepidus,
1024 1350 1070 1394 P.
1088 1345 1381 1410 Sempronius
1396 1345 1498 1391 Tu·-

207 1423 409 1470 ditanus:
429 1431 477 1466 ut
493 1420 542 1467 &
563 1420 882 1466 annuntiarent
906 1419 1074 1467 vietum
1089 1419 1385 1466 Hannibalem
1398 1419 1503 1463 Poe·

208 1494 411 1558 nosque,
435 1495 486 1541 &
505 1493 666 1557 gratias
690 1506 872 1556 agerent
899 1494 992 1557 regi
1011 1530 1024 1551 ‚
1047 1494 1172 1557 quod
1193 1494 1239 1539 in
1260 1493 1389 1538 rebus
1413 1490 1500 1536 du·-

209 1568 321 1624 hiis,
357 1584 460 1616 cum
481 1565 661 1613 finitimi
680 1567 812 1613 etiam
831 1566 941 1614 socii
964 1568 1200 1613 Romanos
1226 1567 1500 1620 desererent,

210 1641 261 1686 in
290 1639 377 1687 fide
405 1639 658 1696 manfiffet3
693 1642 742 1687 &
768 1652 972 1703 peterent
989 1674 1003 1698 ‚
1031 1653 1109 1697 ut,
1137 1639 1170 1685 fi
1205 1638 1349 1686 coaffi
1379 1636 1502 1697 inju-

212 1715 290 1762 riis
324 1715 494 1762 bellum
529 1714 738 1762 adversus
772 1714 1034 1778 Philippum
1069 1712 1379 1776 suscepissent,
1408 1709 1503 1772 pri-

214 1787 379 1836 stinum
410 1788 611 1834 animum
644 1804 747 1851 erga
777 1787 999 1850 populum
1033 1788 1293 1833 Romanum
1318 1783 1507 1831 conser-

213 1874 355 1910 varet.
381 1861 553 1908 Eodem
574 1860 666 1907 fere
684 1873 890 1924 tempore
910 1861 957 1907 P.
978 1860 1119 1907 AElius
1145 1857 1305 1905 consul
1326 1857 1373 1901 in
1391 1855 1506 1901 Gal-

215 1934 300 1992 lia,
317 1951 418 1981 cum
438 1932 622 1980 audisset
644 1950 669 1979 a
690 1931 815 1993 Boiis
835 1945 935 1979 ante
954 1931 1079 1977 suum
1094 1931 1336 1977 adventum
1357 1928 1507 1974 incur-

216 2007 364 2054 siones
400 2006 446 2052 in
477 2022 607 2068 agros
642 2006 874 2052 sociorum
910 2004 1074 2061 faetas,
1108 2003 1279 2049 duabus
1309 2001 1507 2065 legioni-

217 2082 304 2129 bus
332 2079 551 2126 subitariis
579 2074 796 2126 tumultus
827 2077 921 2141 ejus
949 2078 1076 2125 causa
1109 2076 1305 2139 scriptis,
1327 2071 1510 2122 additis⁶

217 2172 309 2219 que
333 2155 389 2201 ad
412 2170 483 2200 eas
511 2165 705 2216 quatuor
727 2152 993 2200 cohortibus
1014 2152 1067 2197 de
1090 2150 1292 2197 exercitu
1320 2148 1426 2203 suo,
1454 2147 1510 2192 C·

221 2230 427 2294 Oppium
453 2227 712 2292 praefe6hun
737 2227 910 2275 socium
943 2227 1027 2273 hac
1057 2223 1349 2272 tumultuaria
1378 2235 1512 2268 manu

220 2320 302 2366 per
336 2302 574 2350 Umbriam
608 2303 768 2364 (quam
804 2300 973 2347 tribum
1007 2298 1264 2361 Sappiniam
1299 2293 1508 2357 vocant)

221 2391 379 2438 agi-um
402 2373 619 2434 Boiorum
637 2372 854 2421 invadere
870 2370 1001 2433 juffit.
1032 2370 1123 2434 ipse
1141 2370 1300 2416 eodem
1315 2402 1329 2423 ‚
1350 2380 1507 2428 aperto

222 2448 411 2508 itinere,
433 2463 513 2513 per
533 2446 707 2497 medios
737 2457 917 2502 montes
940 2443 1082 2493 duxit.
1107 2441 1287 2507 Oppius
1305 2476 1318 2499 ‚
1338 2437 1506 2503 ingres-
