<?xml version="1.0" encoding="UTF-8"?>
<!DOCTYPE html PUBLIC "-//W3C//DTD XHTML 1.0 Transitional//EN"
    "http://www.w3.org/TR/xhtml1/DTD/xhtml1-transitional.dtd">
<html xmlns="http://www.w3.org/1999/xhtml" xml:lang="en" lang="en">
 <head>
  <title>
</title>
<meta http-equiv="Content-Type" content="text/html;charset=utf-8" />
  <meta name='ocr-system' content='tesseract 3.04.00' />
  <meta name='ocr-capabilities' content='ocr_page ocr_carea ocr_par ocr_line ocrx_word'/>
</head>
<body>
  <div class='ocr_page' id='page_1' title='image "./historiarumlibri05livyuoft_0286.png"; bbox 0 0 1592 2724; ppageno 0'>
   <div class='ocr_carea' id='block_1_1' title="bbox 201 149 1122 214">
    <p class='ocr_par' dir='ltr' id='par_1_1' title="bbox 201 149 1122 214">
     <span class='ocr_line' id='line_1_1' title="bbox 201 149 1122 214; baseline -0.007 -14"><span class='ocrx_word' id='word_1_1' title='bbox 201 165 300 214; x_wconf 82' lang='lat'>270</span> <span class='ocrx_word' id='word_1_2' title='bbox 556 149 1122 197; x_wconf 74' lang='lat' dir='ltr'>T1T1L1V11</span> 
     </span>
    </p>
   </div>
   <div class='ocr_carea' id='block_1_2' title="bbox 140 250 1496 2511">
    <p class='ocr_par' dir='ltr' id='par_1_2' title="bbox 197 250 1496 1191">
     <span class='ocr_line' id='line_1_2' title="bbox 201 250 1490 315; baseline -0.003 -14"><span class='ocrx_word' id='word_1_3' title='bbox 201 253 429 303; x_wconf 83' lang='lat' dir='ltr'>Ostienses</span> <span class='ocrx_word' id='word_1_4' title='bbox 447 253 587 301; x_wconf 86' lang='lat' dir='ltr'>aedem</span> <span class='ocrx_word' id='word_1_5' title='bbox 604 253 756 312; x_wconf 84' lang='lat' dir='ltr'>Jovis‚</span> <span class='ocrx_word' id='word_1_6' title='bbox 774 255 823 301; x_wconf 86' lang='lat'>&amp;</span> <span class='ocrx_word' id='word_1_7' title='bbox 837 252 1060 300; x_wconf 83' lang='lat' dir='ltr'><strong>Veliterni</strong></span> <span class='ocrx_word' id='word_1_8' title='bbox 1074 250 1300 315; x_wconf 81' lang='lat' dir='ltr'>Apollinis</span> <span class='ocrx_word' id='word_1_9' title='bbox 1316 251 1367 300; x_wconf 72' lang='grc' dir='ltr'>δε</span> <span class='ocrx_word' id='word_1_10' title='bbox 1382 252 1490 299; x_wconf 83' lang='lat' dir='ltr'>San·</span> 
     </span>
     <span class='ocr_line' id='line_1_3' title="bbox 201 324 1489 388; baseline -0.005 -12"><span class='ocrx_word' id='word_1_11' title='bbox 201 329 248 377; x_wconf 80' lang='lat' dir='ltr'>ci</span> <span class='ocrx_word' id='word_1_12' title='bbox 267 329 405 385; x_wconf 81' lang='lat' dir='ltr'>aedes,</span> <span class='ocrx_word' id='word_1_13' title='bbox 428 327 538 375; x_wconf 88' lang='lat' dir='ltr'>&amp;in</span> <span class='ocrx_word' id='word_1_14' title='bbox 563 326 770 374; x_wconf 87' lang='lat' dir='ltr'>Herculis</span> <span class='ocrx_word' id='word_1_15' title='bbox 790 326 884 372; x_wconf 78' lang='lat' dir='ltr'>aede</span> <span class='ocrx_word' id='word_1_16' title='bbox 903 324 1115 388; x_wconf 80' lang='lat' dir='ltr'>capillum</span> <span class='ocrx_word' id='word_1_17' title='bbox 1133 335 1313 371; x_wconf 87' lang='lat' dir='ltr'>enatum</span> <span class='ocrx_word' id='word_1_18' title='bbox 1332 343 1342 371; x_wconf 74' lang='grc' dir='ltr'><strong><em>ε</em></strong></span> <span class='ocrx_word' id='word_1_19' title='bbox 1362 327 1410 372; x_wconf 89' lang='lat'>&amp;</span> <span class='ocrx_word' id='word_1_20' title='bbox 1431 340 1489 370; x_wconf 76' lang='lat' dir='ltr'>ex</span> 
     </span>
     <span class='ocr_line' id='line_1_4' title="bbox 199 396 1492 461; baseline -0.006 -11"><span class='ocrx_word' id='word_1_21' title='bbox 199 402 388 450; x_wconf 76' lang='lat' dir='ltr'>Bruttiis</span> <span class='ocrx_word' id='word_1_22' title='bbox 409 401 464 447; x_wconf 91' lang='lat' dir='ltr'>ab</span> <span class='ocrx_word' id='word_1_23' title='bbox 485 401 548 461; x_wconf 86' lang='lat' dir='ltr'>Q.</span> <span class='ocrx_word' id='word_1_24' title='bbox 564 399 768 446; x_wconf 90' lang='lat' dir='ltr'>Minucio</span> <span class='ocrx_word' id='word_1_25' title='bbox 790 410 1073 461; x_wconf 76' lang='lat' dir='ltr'>propraetore</span> <span class='ocrx_word' id='word_1_26' title='bbox 1090 396 1328 459; x_wconf 89' lang='lat' dir='ltr'>scriptum,</span> <span class='ocrx_word' id='word_1_27' title='bbox 1344 413 1492 460; x_wconf 87' lang='lat' dir='ltr'>equu-</span> 
     </span>
     <span class='ocr_line' id='line_1_5' title="bbox 198 471 1492 536; baseline -0.005 -14"><span class='ocrx_word' id='word_1_28' title='bbox 198 475 322 522; x_wconf 67' lang='lat' dir='ltr'>leum</span> <span class='ocrx_word' id='word_1_29' title='bbox 345 492 448 522; x_wconf 90' lang='lat' dir='ltr'>cum</span> <span class='ocrx_word' id='word_1_30' title='bbox 479 472 679 536; x_wconf 89' lang='lat' dir='ltr'>quinque</span> <span class='ocrx_word' id='word_1_31' title='bbox 699 471 886 535; x_wconf 86' lang='lat' dir='ltr'>pedibus</span> <span class='ocrx_word' id='word_1_32' title='bbox 902 507 914 529; x_wconf 87' lang='lat'>,</span> <span class='ocrx_word' id='word_1_33' title='bbox 941 471 1091 533; x_wconf 90' lang='lat' dir='ltr'>pullos</span> <span class='ocrx_word' id='word_1_34' title='bbox 1110 471 1383 535; x_wconf 80' lang='lat' dir='ltr'>gallinaceos</span> <span class='ocrx_word' id='word_1_35' title='bbox 1404 481 1492 516; x_wconf 88' lang='lat' dir='ltr'>tres</span> 
     </span>
     <span class='ocr_line' id='line_1_6' title="bbox 197 542 1492 608; baseline -0.005 -13"><span class='ocrx_word' id='word_1_36' title='bbox 197 565 309 596; x_wconf 86' lang='lat' dir='ltr'>cum</span> <span class='ocrx_word' id='word_1_37' title='bbox 337 544 476 594; x_wconf 86' lang='lat' dir='ltr'>ternis</span> <span class='ocrx_word' id='word_1_38' title='bbox 503 545 717 608; x_wconf 90' lang='lat' dir='ltr'>pedibus,</span> <span class='ocrx_word' id='word_1_39' title='bbox 742 557 873 593; x_wconf 89' lang='lat' dir='ltr'>natos</span> <span class='ocrx_word' id='word_1_40' title='bbox 895 544 993 592; x_wconf 84' lang='lat' dir='ltr'>effe.</span> <span class='ocrx_word' id='word_1_41' title='bbox 1029 545 1136 591; x_wconf 89' lang='lat' dir='ltr'>Inde</span> <span class='ocrx_word' id='word_1_42' title='bbox 1163 562 1188 591; x_wconf 88' lang='lat' dir='ltr'>a</span> <span class='ocrx_word' id='word_1_43' title='bbox 1217 546 1265 591; x_wconf 87' lang='lat' dir='ltr'>P.</span> <span class='ocrx_word' id='word_1_44' title='bbox 1288 542 1492 606; x_wconf 89' lang='lat' dir='ltr'>Sulpicio</span> 
     </span>
     <span class='ocr_line' id='line_1_7' title="bbox 198 615 1493 683; baseline -0.003 -16"><span class='ocrx_word' id='word_1_45' title='bbox 198 619 476 683; x_wconf 83' lang='lat' dir='ltr'>proconsule</span> <span class='ocrx_word' id='word_1_46' title='bbox 508 635 565 665; x_wconf 84' lang='lat' dir='ltr'>ex</span> <span class='ocrx_word' id='word_1_47' title='bbox 592 617 861 665; x_wconf 88' lang='lat' dir='ltr'>Macedonia</span> <span class='ocrx_word' id='word_1_48' title='bbox 897 618 1037 664; x_wconf 76' lang='lat' dir='ltr'>literae</span> <span class='ocrx_word' id='word_1_49' title='bbox 1067 618 1238 675; x_wconf 85' lang='lat' dir='ltr'>allatae,</span> <span class='ocrx_word' id='word_1_50' title='bbox 1264 616 1311 663; x_wconf 88' lang='lat' dir='ltr'>in</span> <span class='ocrx_word' id='word_1_51' title='bbox 1331 615 1493 680; x_wconf 87' lang='lat' dir='ltr'>quibus</span> 
     </span>
     <span class='ocr_line' id='line_1_8' title="bbox 198 687 1493 753; baseline -0.005 -14"><span class='ocrx_word' id='word_1_52' title='bbox 198 693 319 740; x_wconf 83' lang='lat' dir='ltr'>inter</span> <span class='ocrx_word' id='word_1_53' title='bbox 341 703 488 740; x_wconf 87' lang='lat' dir='ltr'>cetera</span> <span class='ocrx_word' id='word_1_54' title='bbox 506 690 718 753; x_wconf 87' lang='lat' dir='ltr'>scriptum</span> <span class='ocrx_word' id='word_1_55' title='bbox 744 701 865 748; x_wconf 89' lang='lat' dir='ltr'>erat,</span> <span class='ocrx_word' id='word_1_56' title='bbox 886 690 1080 737; x_wconf 86' lang='lat' dir='ltr'>lauream</span> <span class='ocrx_word' id='word_1_57' title='bbox 1109 690 1155 736; x_wconf 90' lang='lat' dir='ltr'>in</span> <span class='ocrx_word' id='word_1_58' title='bbox 1187 688 1328 752; x_wconf 90' lang='lat' dir='ltr'>puppi</span> <span class='ocrx_word' id='word_1_59' title='bbox 1360 687 1493 734; x_wconf 86' lang='lat' dir='ltr'>navis</span> 
     </span>
     <span class='ocr_line' id='line_1_9' title="bbox 199 759 1494 826; baseline -0.004 -16"><span class='ocrx_word' id='word_1_60' title='bbox 199 763 354 826; x_wconf 80' lang='lat' dir='ltr'>longae</span> <span class='ocrx_word' id='word_1_61' title='bbox 375 774 564 809; x_wconf 81' lang='lat' dir='ltr'>enatam.</span> <span class='ocrx_word' id='word_1_62' title='bbox 599 761 807 808; x_wconf 87' lang='lat' dir='ltr'>Priorum</span> <span class='ocrx_word' id='word_1_63' title='bbox 825 761 1142 825; x_wconf 83' lang='lat' dir='ltr'>prodigiorum</span> <span class='ocrx_word' id='word_1_64' title='bbox 1166 760 1294 809; x_wconf 85' lang='lat' dir='ltr'>causa</span> <span class='ocrx_word' id='word_1_65' title='bbox 1319 759 1494 806; x_wconf 78' lang='lat' dir='ltr'>senatus</span> 
     </span>
     <span class='ocr_line' id='line_1_10' title="bbox 200 832 1496 898; baseline -0.002 -16"><span class='ocrx_word' id='word_1_66' title='bbox 200 835 454 893; x_wconf 84' lang='lat' dir='ltr'>censuerat,</span> <span class='ocrx_word' id='word_1_67' title='bbox 467 846 517 882; x_wconf 91' lang='lat' dir='ltr'>ut</span> <span class='ocrx_word' id='word_1_68' title='bbox 531 834 734 882; x_wconf 89' lang='lat' dir='ltr'>consules</span> <span class='ocrx_word' id='word_1_69' title='bbox 754 834 1001 897; x_wconf 84' lang='lat' dir='ltr'>majoribus</span> <span class='ocrx_word' id='word_1_70' title='bbox 1021 835 1199 894; x_wconf 88' lang='lat' dir='ltr'>hostiis,</span> <span class='ocrx_word' id='word_1_71' title='bbox 1213 834 1375 898; x_wconf 86' lang='lat' dir='ltr'>quibus</span> <span class='ocrx_word' id='word_1_72' title='bbox 1389 832 1496 880; x_wconf 87' lang='lat' dir='ltr'>Diis</span> 
     </span>
     <span class='ocr_line' id='line_1_11' title="bbox 198 905 1494 969; baseline -0.003 -15"><span class='ocrx_word' id='word_1_73' title='bbox 198 907 463 963; x_wconf 78' lang='lat' dir='ltr'>videretur,</span> <span class='ocrx_word' id='word_1_74' title='bbox 496 905 807 954; x_wconf 88' lang='lat' dir='ltr'>sacrificarent.</span> <span class='ocrx_word' id='word_1_75' title='bbox 835 907 897 953; x_wconf 86' lang='lat' dir='ltr'>ob</span> <span class='ocrx_word' id='word_1_76' title='bbox 933 907 1026 955; x_wconf 90' lang='lat' dir='ltr'>hoc</span> <span class='ocrx_word' id='word_1_77' title='bbox 1057 924 1198 953; x_wconf 91' lang='lat' dir='ltr'>unum</span> <span class='ocrx_word' id='word_1_78' title='bbox 1230 905 1494 969; x_wconf 85' lang='lat' dir='ltr'>prodigium</span> 
     </span>
     <span class='ocr_line' id='line_1_12' title="bbox 201 978 1492 1044; baseline -0.003 -17"><span class='ocrx_word' id='word_1_79' title='bbox 201 979 458 1043; x_wconf 84' lang='lat' dir='ltr'>haruspices</span> <span class='ocrx_word' id='word_1_80' title='bbox 491 979 538 1027; x_wconf 92' lang='lat' dir='ltr'>in</span> <span class='ocrx_word' id='word_1_81' title='bbox 569 978 768 1026; x_wconf 86' lang='lat' dir='ltr'>senatum</span> <span class='ocrx_word' id='word_1_82' title='bbox 798 979 956 1027; x_wconf 83' lang='lat' dir='ltr'>vocati</span> <span class='ocrx_word' id='word_1_83' title='bbox 977 1014 990 1034; x_wconf 84' lang='lat'>‚</span> <span class='ocrx_word' id='word_1_84' title='bbox 1018 991 1154 1044; x_wconf 86' lang='lat' dir='ltr'>atque</span> <span class='ocrx_word' id='word_1_85' title='bbox 1182 996 1240 1026; x_wconf 78' lang='lat' dir='ltr'>ex</span> <span class='ocrx_word' id='word_1_86' title='bbox 1273 978 1492 1041; x_wconf 88' lang='lat' dir='ltr'>responso</span> 
     </span>
     <span class='ocr_line' id='line_1_13' title="bbox 200 1050 1495 1118; baseline -0.002 -17"><span class='ocrx_word' id='word_1_87' title='bbox 200 1071 364 1102; x_wconf 87' lang='lat' dir='ltr'>eorum</span> <span class='ocrx_word' id='word_1_88' title='bbox 384 1053 654 1118; x_wconf 83' lang='lat' dir='ltr'>supplicatio</span> <span class='ocrx_word' id='word_1_89' title='bbox 677 1052 852 1117; x_wconf 89' lang='lat' dir='ltr'>populo</span> <span class='ocrx_word' id='word_1_90' title='bbox 879 1053 927 1100; x_wconf 91' lang='lat' dir='ltr'>in</span> <span class='ocrx_word' id='word_1_91' title='bbox 946 1052 1065 1100; x_wconf 91' lang='lat' dir='ltr'>diem</span> <span class='ocrx_word' id='word_1_92' title='bbox 1093 1068 1235 1099; x_wconf 90' lang='lat' dir='ltr'>unum</span> <span class='ocrx_word' id='word_1_93' title='bbox 1261 1050 1422 1110; x_wconf 72' lang='grc' dir='ltr'>εάἰᾶει,</span> <span class='ocrx_word' id='word_1_94' title='bbox 1442 1051 1495 1098; x_wconf 67' lang='grc' dir='ltr'>δε</span> 
     </span>
     <span class='ocr_line' id='line_1_14' title="bbox 201 1125 1160 1191; baseline -0.003 -15"><span class='ocrx_word' id='word_1_95' title='bbox 201 1128 258 1176; x_wconf 85' lang='lat' dir='ltr'>ad</span> <span class='ocrx_word' id='word_1_96' title='bbox 277 1127 434 1175; x_wconf 85' lang='lat' dir='ltr'>onmia</span> <span class='ocrx_word' id='word_1_97' title='bbox 461 1127 717 1191; x_wconf 85' lang='lat' dir='ltr'>pulvinaria</span> <span class='ocrx_word' id='word_1_98' title='bbox 736 1144 805 1175; x_wconf 89' lang='lat' dir='ltr'>res</span> <span class='ocrx_word' id='word_1_99' title='bbox 827 1127 997 1176; x_wconf 84' lang='lat' dir='ltr'>divinae</span> <span class='ocrx_word' id='word_1_100' title='bbox 1020 1125 1160 1175; x_wconf 60' lang='lat' dir='ltr'>fae‘tae.</span> 
     </span>
    </p>

    <p class='ocr_par' dir='ltr' id='par_1_3' title="bbox 140 1196 1495 2511">
     <span class='ocr_line' id='line_1_15' title="bbox 267 1196 1493 1265; baseline -0.003 -17"><span class='ocrx_word' id='word_1_101' title='bbox 267 1204 320 1248; x_wconf 87' lang='lat'>11.</span> <span class='ocrx_word' id='word_1_102' title='bbox 354 1199 742 1265; x_wconf 83' lang='lat' dir='ltr'>Carthaginienses</span> <span class='ocrx_word' id='word_1_103' title='bbox 772 1217 829 1247; x_wconf 90' lang='lat' dir='ltr'>eo</span> <span class='ocrx_word' id='word_1_104' title='bbox 859 1216 982 1247; x_wconf 90' lang='lat' dir='ltr'>anno</span> <span class='ocrx_word' id='word_1_105' title='bbox 1003 1215 1235 1264; x_wconf 85' lang='lat' dir='ltr'>argentum</span> <span class='ocrx_word' id='word_1_106' title='bbox 1255 1197 1302 1245; x_wconf 89' lang='lat' dir='ltr'>in</span> <span class='ocrx_word' id='word_1_107' title='bbox 1323 1196 1493 1261; x_wconf 86' lang='lat' dir='ltr'>stipen-</span> 
     </span>
     <span class='ocr_line' id='line_1_16' title="bbox 203 1270 1493 1336; baseline -0.002 -16"><span class='ocrx_word' id='word_1_108' title='bbox 203 1272 329 1321; x_wconf 85' lang='lat' dir='ltr'>dium</span> <span class='ocrx_word' id='word_1_109' title='bbox 368 1273 627 1336; x_wconf 85' lang='lat' dir='ltr'>impofitum</span> <span class='ocrx_word' id='word_1_110' title='bbox 665 1272 863 1336; x_wconf 89' lang='lat' dir='ltr'>primum</span> <span class='ocrx_word' id='word_1_111' title='bbox 894 1273 1090 1319; x_wconf 82' lang='lat' dir='ltr'>Romam</span> <span class='ocrx_word' id='word_1_112' title='bbox 1120 1271 1413 1319; x_wconf 79' lang='lat' dir='ltr'>advexerunt.</span> <span class='ocrx_word' id='word_1_113' title='bbox 1447 1270 1493 1318; x_wconf 90' lang='lat' dir='ltr'>id</span> 
     </span>
     <span class='ocr_line' id='line_1_17' title="bbox 200 1344 1495 1412; baseline -0.003 -18"><span class='ocrx_word' id='word_1_114' title='bbox 200 1348 309 1412; x_wconf 78' lang='lat' dir='ltr'>quia</span> <span class='ocrx_word' id='word_1_115' title='bbox 343 1348 541 1411; x_wconf 88' lang='lat' dir='ltr'>probum</span> <span class='ocrx_word' id='word_1_116' title='bbox 570 1364 666 1394; x_wconf 87' lang='lat' dir='ltr'>non</span> <span class='ocrx_word' id='word_1_117' title='bbox 703 1346 787 1394; x_wconf 73' lang='lat' dir='ltr'>efi&#39;e</span> <span class='ocrx_word' id='word_1_118' title='bbox 825 1346 1067 1411; x_wconf 84' lang='lat' dir='ltr'>quaestores</span> <span class='ocrx_word' id='word_1_119' title='bbox 1095 1344 1495 1399; x_wconf 85' lang='lat' dir='ltr'>renuntiaverant,</span> 
     </span>
     <span class='ocr_line' id='line_1_18' title="bbox 205 1418 1493 1486; baseline -0.004 -18"><span class='ocrx_word' id='word_1_120' title='bbox 205 1421 630 1485; x_wconf 84' lang='lat' dir='ltr'>experientibusque</span> <span class='ocrx_word' id='word_1_121' title='bbox 650 1438 751 1484; x_wconf 85' lang='lat' dir='ltr'>pars</span> <span class='ocrx_word' id='word_1_122' title='bbox 769 1433 928 1486; x_wconf 87' lang='lat' dir='ltr'>quarta</span> <span class='ocrx_word' id='word_1_123' title='bbox 953 1421 1136 1469; x_wconf 69' lang='lat' dir='ltr'>deco&amp;a</span> <span class='ocrx_word' id='word_1_124' title='bbox 1158 1432 1280 1476; x_wconf 89' lang='lat' dir='ltr'>erat;</span> <span class='ocrx_word' id='word_1_125' title='bbox 1301 1418 1493 1482; x_wconf 89' lang='lat' dir='ltr'>pecunia</span> 
     </span>
     <span class='ocr_line' id='line_1_19' title="bbox 200 1491 1493 1557; baseline -0.002 -17"><span class='ocrx_word' id='word_1_126' title='bbox 200 1495 366 1541; x_wconf 84' lang='lat' dir='ltr'>Romae</span> <span class='ocrx_word' id='word_1_127' title='bbox 393 1506 546 1542; x_wconf 88' lang='lat' dir='ltr'>mutua</span> <span class='ocrx_word' id='word_1_128' title='bbox 570 1494 743 1553; x_wconf 83' lang='lat' dir='ltr'>sumta,</span> <span class='ocrx_word' id='word_1_129' title='bbox 773 1494 1155 1542; x_wconf 87' lang='lat' dir='ltr'>intertrimentum</span> <span class='ocrx_word' id='word_1_130' title='bbox 1186 1493 1359 1557; x_wconf 83' lang='lat' dir='ltr'>argenti</span> <span class='ocrx_word' id='word_1_131' title='bbox 1388 1491 1493 1554; x_wconf 88' lang='lat' dir='ltr'>sup-</span> 
     </span>
     <span class='ocr_line' id='line_1_20' title="bbox 204 1564 1494 1630; baseline -0.001 -16"><span class='ocrx_word' id='word_1_132' title='bbox 204 1567 460 1630; x_wconf 83' lang='lat' dir='ltr'>pleverunt.</span> <span class='ocrx_word' id='word_1_133' title='bbox 489 1566 749 1614; x_wconf 86' lang='lat' dir='ltr'>Petentibus</span> <span class='ocrx_word' id='word_1_134' title='bbox 781 1567 968 1625; x_wconf 89' lang='lat' dir='ltr'>deinde,</span> <span class='ocrx_word' id='word_1_135' title='bbox 996 1580 1073 1625; x_wconf 86' lang='lat' dir='ltr'>ut,</span> <span class='ocrx_word' id='word_1_136' title='bbox 1098 1567 1130 1612; x_wconf 90' lang='lat' dir='ltr'><strong>fi</strong></span> <span class='ocrx_word' id='word_1_137' title='bbox 1148 1565 1237 1628; x_wconf 87' lang='lat' dir='ltr'>jam</span> <span class='ocrx_word' id='word_1_138' title='bbox 1259 1564 1494 1613; x_wconf 86' lang='lat' dir='ltr'>videretur</span> 
     </span>
     <span class='ocr_line' id='line_1_21' title="bbox 201 1639 1492 1699; baseline 0 -12"><span class='ocrx_word' id='word_1_139' title='bbox 201 1640 402 1699; x_wconf 78' lang='lat' dir='ltr'>senatui,</span> <span class='ocrx_word' id='word_1_140' title='bbox 439 1640 614 1687; x_wconf 87' lang='lat' dir='ltr'>obfides</span> <span class='ocrx_word' id='word_1_141' title='bbox 646 1640 726 1686; x_wconf 89' lang='lat' dir='ltr'>fibi</span> <span class='ocrx_word' id='word_1_142' title='bbox 762 1641 1084 1698; x_wconf 84' lang='lat' dir='ltr'>redderentur,</span> <span class='ocrx_word' id='word_1_143' title='bbox 1116 1650 1297 1687; x_wconf 90' lang='lat' dir='ltr'>centum</span> <span class='ocrx_word' id='word_1_144' title='bbox 1330 1639 1492 1687; x_wconf 87' lang='lat' dir='ltr'>redditi</span> 
     </span>
     <span class='ocr_line' id='line_1_22' title="bbox 201 1710 1492 1775; baseline 0 -16"><span class='ocrx_word' id='word_1_145' title='bbox 201 1712 393 1759; x_wconf 84' lang='lat' dir='ltr'>obfides.</span> <span class='ocrx_word' id='word_1_146' title='bbox 414 1712 468 1758; x_wconf 89' lang='lat' dir='ltr'>de</span> <span class='ocrx_word' id='word_1_147' title='bbox 487 1711 671 1771; x_wconf 86' lang='lat' dir='ltr'>ceteris,</span> <span class='ocrx_word' id='word_1_148' title='bbox 687 1712 778 1759; x_wconf 77' lang='lat' dir='ltr'>siin</span> <span class='ocrx_word' id='word_1_149' title='bbox 796 1711 882 1759; x_wconf 88' lang='lat' dir='ltr'>fide</span> <span class='ocrx_word' id='word_1_150' title='bbox 901 1723 1214 1775; x_wconf 87' lang='lat' dir='ltr'>permanerent</span> <span class='ocrx_word' id='word_1_151' title='bbox 1226 1747 1239 1769; x_wconf 94' lang='lat'>,</span> <span class='ocrx_word' id='word_1_152' title='bbox 1255 1710 1349 1774; x_wconf 86' lang='lat' dir='ltr'>spes</span> <span class='ocrx_word' id='word_1_153' title='bbox 1366 1710 1492 1759; x_wconf 58' lang='lat' dir='ltr'>faita.</span> 
     </span>
     <span class='ocr_line' id='line_1_23' title="bbox 201 1784 1492 1850; baseline -0.001 -19"><span class='ocrx_word' id='word_1_154' title='bbox 201 1784 463 1832; x_wconf 81' lang='lat' dir='ltr'>Petentibus</span> <span class='ocrx_word' id='word_1_155' title='bbox 494 1784 674 1844; x_wconf 86' lang='lat' dir='ltr'>iisdem,</span> <span class='ocrx_word' id='word_1_156' title='bbox 710 1785 789 1850; x_wconf 90' lang='lat' dir='ltr'>qui</span> <span class='ocrx_word' id='word_1_157' title='bbox 823 1803 919 1832; x_wconf 71' lang='lat' dir='ltr'>ncn</span> <span class='ocrx_word' id='word_1_158' title='bbox 949 1786 1250 1832; x_wconf 89' lang='lat' dir='ltr'>reddebantur</span> <span class='ocrx_word' id='word_1_159' title='bbox 1282 1784 1492 1843; x_wconf 87' lang='lat' dir='ltr'>obfides,</span> 
     </span>
     <span class='ocr_line' id='line_1_24' title="bbox 201 1856 1491 1922; baseline 0 -17"><span class='ocrx_word' id='word_1_160' title='bbox 201 1859 345 1905; x_wconf 71' lang='lat' dir='ltr'>itt-ab</span> <span class='ocrx_word' id='word_1_161' title='bbox 381 1859 574 1917; x_wconf 88' lang='lat' dir='ltr'>Norba,</span> <span class='ocrx_word' id='word_1_162' title='bbox 608 1858 686 1906; x_wconf 85' lang='lat' dir='ltr'>ubi</span> <span class='ocrx_word' id='word_1_163' title='bbox 718 1876 876 1922; x_wconf 84' lang='lat' dir='ltr'>parum</span> <span class='ocrx_word' id='word_1_164' title='bbox 911 1858 1154 1906; x_wconf 86' lang='lat' dir='ltr'>commode</span> <span class='ocrx_word' id='word_1_165' title='bbox 1193 1856 1362 1915; x_wconf 75' lang='lat' dir='ltr'>essent,</span> <span class='ocrx_word' id='word_1_166' title='bbox 1397 1857 1491 1905; x_wconf 87' lang='lat' dir='ltr'>alio</span> 
     </span>
     <span class='ocr_line' id='line_1_25' title="bbox 201 1930 1493 1995; baseline -0.002 -17"><span class='ocrx_word' id='word_1_167' title='bbox 201 1933 546 1979; x_wconf 80' lang='lat' dir='ltr'>traducerentur</span> <span class='ocrx_word' id='word_1_168' title='bbox 562 1968 576 1991; x_wconf 89' lang='lat'>,</span> <span class='ocrx_word' id='word_1_169' title='bbox 607 1933 863 1980; x_wconf 76' lang='lat' dir='ltr'>concessum</span> <span class='ocrx_word' id='word_1_170' title='bbox 877 1969 893 1990; x_wconf 91' lang='lat'><em>‚</em></span> <span class='ocrx_word' id='word_1_171' title='bbox 919 1944 970 1979; x_wconf 88' lang='lat' dir='ltr'>ut</span> <span class='ocrx_word' id='word_1_172' title='bbox 996 1931 1193 1995; x_wconf 84' lang='lat' dir='ltr'>Signiam</span> <span class='ocrx_word' id='word_1_173' title='bbox 1219 1932 1268 1977; x_wconf 68' lang='grc' dir='ltr'>ὅ(</span> <span class='ocrx_word' id='word_1_174' title='bbox 1294 1930 1493 1977; x_wconf 86' lang='lat' dir='ltr'>Ferenti·-</span> 
     </span>
     <span class='ocr_line' id='line_1_26' title="bbox 203 2004 1490 2069; baseline -0.002 -17"><span class='ocrx_word' id='word_1_175' title='bbox 203 2023 313 2053; x_wconf 88' lang='lat' dir='ltr'>num</span> <span class='ocrx_word' id='word_1_176' title='bbox 327 2006 577 2054; x_wconf 73' lang='lat' dir='ltr'>transirent.</span> <span class='ocrx_word' id='word_1_177' title='bbox 597 2007 833 2054; x_wconf 85' lang='lat' dir='ltr'>Gaditanis</span> <span class='ocrx_word' id='word_1_178' title='bbox 850 2007 955 2054; x_wconf 88' lang='lat' dir='ltr'>item</span> <span class='ocrx_word' id='word_1_179' title='bbox 972 2005 1227 2069; x_wconf 89' lang='lat' dir='ltr'>petentibus</span> <span class='ocrx_word' id='word_1_180' title='bbox 1243 2004 1490 2062; x_wconf 69' lang='lat' dir='ltr'>remissum,</span> 
     </span>
     <span class='ocr_line' id='line_1_27' title="bbox 201 2078 1489 2142; baseline -0.002 -16"><span class='ocrx_word' id='word_1_181' title='bbox 201 2096 260 2126; x_wconf 72' lang='lat' dir='ltr'>ne</span> <span class='ocrx_word' id='word_1_182' title='bbox 288 2078 520 2142; x_wconf 58' lang='lat' dir='ltr'>praefei‘tus</span> <span class='ocrx_word' id='word_1_183' title='bbox 540 2080 690 2127; x_wconf 88' lang='lat' dir='ltr'>Gades</span> <span class='ocrx_word' id='word_1_184' title='bbox 708 2080 990 2137; x_wconf 87' lang='lat' dir='ltr'>mitteretur,</span> <span class='ocrx_word' id='word_1_185' title='bbox 1019 2078 1230 2127; x_wconf 83' lang='lat' dir='ltr'>adversus</span> <span class='ocrx_word' id='word_1_186' title='bbox 1261 2078 1388 2142; x_wconf 91' lang='lat' dir='ltr'>quod</span> <span class='ocrx_word' id='word_1_187' title='bbox 1410 2078 1489 2136; x_wconf 88' lang='lat' dir='ltr'>iis,</span> 
     </span>
     <span class='ocr_line' id='line_1_28' title="bbox 202 2151 1488 2216; baseline -0.001 -17"><span class='ocrx_word' id='word_1_188' title='bbox 202 2153 251 2200; x_wconf 87' lang='lat' dir='ltr'>in</span> <span class='ocrx_word' id='word_1_189' title='bbox 283 2151 415 2199; x_wconf 90' lang='lat' dir='ltr'>fidem</span> <span class='ocrx_word' id='word_1_190' title='bbox 435 2153 595 2216; x_wconf 89' lang='lat' dir='ltr'>populi</span> <span class='ocrx_word' id='word_1_191' title='bbox 614 2154 812 2200; x_wconf 88' lang='lat' dir='ltr'>Romani</span> <span class='ocrx_word' id='word_1_192' title='bbox 831 2154 1120 2201; x_wconf 85' lang='lat' dir='ltr'>venientibus</span> <span class='ocrx_word' id='word_1_193' title='bbox 1135 2189 1148 2210; x_wconf 81' lang='lat'><em>‚</em></span> <span class='ocrx_word' id='word_1_194' title='bbox 1173 2171 1276 2200; x_wconf 90' lang='lat' dir='ltr'>cum</span> <span class='ocrx_word' id='word_1_195' title='bbox 1298 2154 1346 2199; x_wconf 90' lang='lat' dir='ltr'>L.</span> <span class='ocrx_word' id='word_1_196' title='bbox 1368 2154 1488 2199; x_wconf 84' lang='lat' dir='ltr'>Mar·</span> 
     </span>
     <span class='ocr_line' id='line_1_29' title="bbox 140 2224 1488 2290; baseline -0.006 -12"><span class='ocrx_word' id='word_1_197' title='bbox 140 2276 143 2278; x_wconf 90' lang='grc'><em>,</em></span> <span class='ocrx_word' id='word_1_198' title='bbox 201 2227 278 2275; x_wconf 78' lang='lat' dir='ltr'>cio</span> <span class='ocrx_word' id='word_1_199' title='bbox 306 2227 508 2290; x_wconf 84' lang='lat' dir='ltr'>Septimo</span> <span class='ocrx_word' id='word_1_200' title='bbox 539 2227 833 2277; x_wconf 75' lang='lat' dir='ltr'>convenisset.</span> <span class='ocrx_word' id='word_1_201' title='bbox 872 2231 926 2275; x_wconf 88' lang='lat' dir='ltr'>Et</span> <span class='ocrx_word' id='word_1_202' title='bbox 957 2227 1271 2275; x_wconf 77' lang='lat' dir='ltr'>Narniensium</span> <span class='ocrx_word' id='word_1_203' title='bbox 1303 2224 1455 2289; x_wconf 86' lang='lat' dir='ltr'>legatis</span> <span class='ocrx_word' id='word_1_204' title='bbox 1474 2260 1488 2283; x_wconf 62' lang='lat'>2</span> 
     </span>
     <span class='ocr_line' id='line_1_30' title="bbox 199 2299 1489 2364; baseline -0.002 -17"><span class='ocrx_word' id='word_1_205' title='bbox 199 2300 492 2364; x_wconf 86' lang='lat' dir='ltr'>querentibus</span> <span class='ocrx_word' id='word_1_206' title='bbox 518 2302 573 2348; x_wconf 89' lang='lat' dir='ltr'>ad</span> <span class='ocrx_word' id='word_1_207' title='bbox 599 2319 836 2350; x_wconf 86' lang='lat' dir='ltr'>numerum</span> <span class='ocrx_word' id='word_1_208' title='bbox 864 2302 945 2349; x_wconf 84' lang='lat' dir='ltr'>sibi</span> <span class='ocrx_word' id='word_1_209' title='bbox 973 2301 1169 2349; x_wconf 88' lang='lat' dir='ltr'>colonos</span> <span class='ocrx_word' id='word_1_210' title='bbox 1190 2318 1284 2347; x_wconf 90' lang='lat' dir='ltr'>non</span> <span class='ocrx_word' id='word_1_211' title='bbox 1305 2299 1415 2356; x_wconf 80' lang='lat' dir='ltr'>effe,</span> <span class='ocrx_word' id='word_1_212' title='bbox 1436 2300 1489 2346; x_wconf 84' lang='lat'>&amp;</span> 
     </span>
     <span class='ocr_line' id='line_1_31' title="bbox 201 2371 1488 2439; baseline -0.003 -19"><span class='ocrx_word' id='word_1_213' title='bbox 201 2373 438 2423; x_wconf 82' lang='lat' dir='ltr'>immixtos</span> <span class='ocrx_word' id='word_1_214' title='bbox 471 2374 691 2438; x_wconf 88' lang='lat' dir='ltr'>quosdam</span> <span class='ocrx_word' id='word_1_215' title='bbox 722 2392 817 2422; x_wconf 91' lang='lat' dir='ltr'>non</span> <span class='ocrx_word' id='word_1_216' title='bbox 839 2375 904 2423; x_wconf 91' lang='lat' dir='ltr'>sui</span> <span class='ocrx_word' id='word_1_217' title='bbox 932 2375 1104 2439; x_wconf 85' lang='lat' dir='ltr'>generis</span> <span class='ocrx_word' id='word_1_218' title='bbox 1130 2392 1214 2437; x_wconf 91' lang='lat' dir='ltr'>pro</span> <span class='ocrx_word' id='word_1_219' title='bbox 1246 2371 1424 2420; x_wconf 86' lang='lat' dir='ltr'>colonis</span> <span class='ocrx_word' id='word_1_220' title='bbox 1444 2371 1488 2417; x_wconf 88' lang='lat' dir='ltr'>se</span> 
     </span>
     <span class='ocr_line' id='line_1_32' title="bbox 199 2448 1487 2511; baseline -0.002 -17"><span class='ocrx_word' id='word_1_221' title='bbox 199 2463 382 2511; x_wconf 74' lang='lat' dir='ltr'>gerere,</span> <span class='ocrx_word' id='word_1_222' title='bbox 408 2464 561 2496; x_wconf 84' lang='lat' dir='ltr'>earum</span> <span class='ocrx_word' id='word_1_223' title='bbox 580 2465 730 2497; x_wconf 87' lang='lat' dir='ltr'>rerum</span> <span class='ocrx_word' id='word_1_224' title='bbox 758 2448 885 2498; x_wconf 78' lang='lat' dir='ltr'>causa</span> <span class='ocrx_word' id='word_1_225' title='bbox 904 2448 1118 2498; x_wconf 87' lang='lat' dir='ltr'>tresviros</span> <span class='ocrx_word' id='word_1_226' title='bbox 1138 2463 1287 2496; x_wconf 88' lang='lat' dir='ltr'>creare</span> <span class='ocrx_word' id='word_1_227' title='bbox 1309 2449 1356 2495; x_wconf 86' lang='lat' dir='ltr'>L.</span> <span class='ocrx_word' id='word_1_228' title='bbox 1371 2449 1487 2493; x_wconf 50' lang='lat' dir='ltr'>Corn</span> 
     </span>
    </p>
   </div>
  </div>
 </body>
</html>
