1592 2724
309 182 871 235 HISTORIARUM
904 179 1033 229 LIB.
1067 176 1224 226 XXXJ
1324 184 1414 232 203

131 307 215 340 nus
245 290 290 339 id
327 292 495 340 bellum
530 289 675 340 exitio
708 284 990 350 Carthaginis
1022 283 1187 331 finiret.
1223 280 1419 328 Cartha-

131 371 223 434 gini
246 389 347 419 cum
376 371 518 435 prima
546 367 734 417 collatio
765 364 971 429 pecuniae
992 362 1171 409 diutino
1200 359 1322 406 bello
1343 374 1421 404 ex-

130 448 294 496 haustis
331 448 523 497 difficilis
561 446 822 501 videretur,
857 439 1164 503 moestitiaque
1200 438 1251 483 &
1289 436 1421 481 fletus

131 528 179 576 in
205 530 327 577 curia
357 530 462 578 esset
482 564 497 588 ‚
534 526 753 574 ridentem
788 520 1081 568 Hannibalem
1117 515 1267 564 ferunt
1301 528 1423 561 con-

134 607 346 672 spefium.
395 608 520 670 cujus
554 622 658 655 cum
694 601 938 650 Hasdrubal
975 597 1144 646 Haedus
1177 593 1312 641 risum
1349 592 1422 638 in·-

132 700 335 752 creparet
370 687 418 735 in
454 685 641 749 publico
676 682 786 730 fletu
806 718 824 740 ,
864 696 968 728 cum
1004 675 1096 740 ipse
1130 672 1423 721 lacrimarum

132 765 262 813 causa
295 764 428 821 effet3
461 767 511 811 Si
521 798 535 820 ,
568 762 912 824 quemadmodum
940 760 1024 804 oris
1054 757 1224 801 habitus
1248 752 1426 797 cernitur

133 847 293 902 oculis,
321 841 469 905 inquit
490 878 504 901 ‚
518 843 587 907 fic
613 839 656 888 δ’
683 843 850 886 animus
883 840 998 883 intus
1031 836 1138 880 cerni
1164 829 1293 892 poffet
1310 864 1322 883 ‚
1346 827 1428 888 fa-

135 924 209 966 cile
234 924 353 968 vobis
385 937 623 981 appareret,
654 937 739 966 non
762 919 844 964 laeti
862 951 875 972 ,
884 916 967 976 sed
977 930 1109 975 prope
1131 908 1311 956 amentis
1336 924 1426 950 maw

133 1003 190 1045 lis
214 1002 352 1046 cordis
385 1002 522 1055 lzunc,
555 1017 669 1060 quem
700 997 950 1056 increpatis,
980 993 1108 1054 nsum
1139 986 1223 1053 effe.
1255 989 1326 1048 qui
1362 1002 1428 1032 ta·

134 1098 226 1125 men
258 1097 517 1140 nequaquam
548 1080 652 1124 adeo
687 1077 740 1141 est
771 1073 1077 1138 intempestivus
1098 1103 1111 1126 ‚
1141 1086 1265 1129 quam
1295 1067 1428 1132 vestrae

134 1157 215 1222 istae
242 1158 428 1217 abficra'ae
445 1171 565 1216 atque
585 1156 842 1201 abhorrentes
860 1154 1039 1197 lacrimae
1052 1149 1167 1207 sunt.
1197 1143 1430 1209 Tuncflesl·

123 1237 176 1298 se
201 1237 360 1290 decuit,
378 1254 468 1282 cum
489 1238 655 1281 ademta
674 1236 796 1280 nobis
816 1250 960 1288 arma,
989 1227 1161 1287 incensae
1183 1243 1312 1272 naves
1327 1259 1341 1280 ‚
1359 1227 1431 1270 in-

136 1313 345 1360 terdift'um
371 1316 552 1360 externis
576 1315 707 1358 bellis.
741 1315 816 1357 illo
834 1311 943 1358 enim
969 1311 1133 1355 vulnere
1152 1304 1431 1351 concidimus.

138 1394 228 1437 Nec
257 1389 328 1454 effe
358 1394 406 1437 in
427 1410 534 1448 vos,
561 1393 660 1436 odio
690 1389 839 1453 vestro,
868 1387 1101 1448 consultum
1132 1386 1186 1429 ab
1216 1383 1432 1428 Romanis

137 1474 327 1517 credatis.
362 1474 499 1516 Nulla
524 1487 680 1530 magna
717 1470 868 1514 civitas
898 1469 973 1512 diu
997 1465 1191 1527 quiescere
1217 1462 1359 1526 potest.
1386 1460 1437 1525 fi

126 1548 244 1608 foris
269 1550 415 1617 hostem
445 1566 531 1594 non
563 1549 713 1605 habet,
749 1547 868 1592 domi
894 1546 1082 1590 invenit:
1120 1558 1166 1588 ut
1193 1541 1433 1602 prcevalida.

138 1646 317 1688 corpora-
335 1629 388 1673 ab
416 1628 596 1673 externis
623 1624 757 1689 causis
782 1639 873 1670 tuta
898 1624 1116 1678 videntur,
1124 1622 1208 1681 sed
1219 1620 1318 1680 ficis
1340 1618 1435 1678 ipsa

138 1707 296 1753 viribus
323 1722 558 1752 onerantur.
591 1707 798 1761 Tantum,
817 1705 1044 1758 nimirum,
1065 1720 1117 1746 ex
1138 1701 1323 1760 publicis
1343 1718 1434 1743 ma·

138 1787 194 1829 lis
208 1785 417 1845 sentimus
432 1819 445 1840 ‚
465 1799 664 1844 quantum
690 1785 749 1827 ad
758 1781 955 1842 privatas
983 1797 1041 1824 res
1054 1781 1231 1839 pertinet
1247 1794 1262 1821 .·
1295 1795 1368 1822 nec
1387 1779 1434 1821 in

139 1866 200 1911 eis
226 1865 450 1923 quidquam
468 1864 629 1914 acrius,
651 1878 774 1920 quam
790 1858 974 1918 pecuniae
994 1859 1194 1900 damnum
1208 1854 1438 1918 ‚stimulat-

142 1943 286 2002 Itaque
300 1975 313 1997 ,
331 1959 420 1987 cum
428 1941 573 2000 spolia
590 1941 701 1984 msice
718 1938 962 1998 Carthagini
984 1936 1328 1989 detrahebantur,
1343 1950 1436 1978 cum

139 2022 332 2065 inermem
344 2019 443 2076 jam
465 2038 513 2064 ac
532 2021 690 2064 nudam
722 2019 882 2083 destitui
909 2018 1016 2060 inter
1042 2029 1105 2059 tot
1129 2028 1316 2057 armatas
1331 2028 1436 2072 gen-

143 2110 202 2142 tes
230 2100 277 2142 A
270 2097 390 2156 fricae
413 2099 617 2142 cerneretis
634 2130 647 2152 ‚
668 2114 789 2141 nemo
821 2096 1037 2156 ingemuit.
1070 2110 1182 2137 nunc
1198 2125 1212 2148 ,
1242 2093 1341 2151 quia
1359 2093 1437 2134 tri-

143 2178 285 2222 butum
313 2194 367 2220 ex
375 2177 545 2235 privato
571 2173 861 2231 conferendum
881 2173 958 2238 est,
985 2188 1186 2231 tanquam
1208 2170 1253 2213 in
1265 2169 1438 2230 publico

130 2255 283 2313 funere
309 2257 587 2314 comploratis.
613 2255 756 2314 Quam
776 2271 912 2298 vereor
927 2286 941 2308 ‚
963 2269 1013 2296 ne
1021 2251 1262 2310 propediem
1271 2247 1438 2307 sentia·

143 2336 225 2389 tis,
245 2331 441 2394 leviffi'mo
462 2333 508 2376 in
529 2333 641 2375 malo
661 2347 736 2375 vos
756 2329 877 2374 hodie
900 2324 1131 2388 lacrimaffi
1149 2323 1169 2369 .'
1188 2324 1297 2369 Haec
1316 2322 1439 2367 Han-

141 2411 266 2458 nibal
296 2411 417 2474 apud
442 2407 846 2472 Carthaginienses.
882 2406 1063 2469 Scipio,
1094 2401 1323 2451 concione
1357 2399 1438 2445 ad-

142 2503 337 2550 vocata,
357 2489 648 2551 Mafiniss'am,
667 2489 723 2536 ad
741 2504 927 2553 regnum
948 2497 1186 2550 paternum
1205 2479 1330 2528 Cirta
1349 2496 1439 2542 op-
