1592 2724
254 196 1218 249 HISTORIARUMLIB.XXX111.
1297 197 1382 256 363

109 323 223 371 pore
257 307 455 370 locoque
489 307 544 352 ad
581 317 807 352 certamen
846 302 1098 359 destinatis,
1133 303 1390 366 praeparatis

109 381 269 429 animis
298 378 634 426 concurrissent.
664 377 752 431 Ibi,
781 386 990 438 quantam
1022 375 1117 420 vim
1149 377 1204 422 ad
1233 376 1390 422 stimu-

109 453 270 500 landos
289 453 463 499 animos
484 451 546 496 ira
568 450 776 507 haberet,
801 446 1020 509 apparuit.
1054 464 1156 493 nam
1179 449 1239 494 ita
1258 449 1392 496 caecliS

109 526 277 590 magis,
301 542 434 590 quam
469 523 700 580 vi&oriae‚
727 521 851 568 avidi
880 533 1137 583 pugnarunt
1166 522 1393 579 Romani,

112 610 165 645 ut
198 600 280 645 vix
308 599 514 646 nuntium
546 596 681 643 cladis
712 594 829 641 hosti
863 594 1180 656 relinquerent.
1215 594 1292 639 Ob
1321 611 1395 641 eas

111 688 182 717 res
212 671 373 734 gestaS,
396 669 632 719 con-sulum
656 667 792 713 literis
823 667 1016 711 Romam
1039 664 1204 722 allatis,
1225 665 1394 728 suppli-

113 744 234 791 catio
265 744 310 790 in
337 742 534 789 triduum
556 742 733 787 decreta
764 739 839 786 est.
873 736 1007 784 Brevi
1027 736 1126 798 post
1154 738 1396 784 Marcellus

113 818 305 862 Romam
341 816 495 861 venit:
532 811 872 874 triumphusque
904 809 945 855 ei
983 825 1148 872 magno
1180 809 1397 858 consensu

114 891 294 938 Patrum
320 890 381 935 est
408 889 631 935 decretu&
653 882 976 946 Triumphavit
1001 883 1046 929 in
1070 883 1319 946 magistratu
1343 884 1396 929 de

115 962 372 1008 Insubribus
390 958 788 1022 Comenfibusque.
807 955 1024 1016 Boiorum
1041 955 1258 1017 triumphi
1278 954 1397 1016 spem

116 1035 304 1098 collegae
321 1033 502 1097 reliquit
523 1051 533 1078 z
555 1032 661 1095 quia
682 1031 760 1093 ipsl
781 1028 967 1092 proprie
991 1026 1169 1074 adversa
1186 1043 1331 1089 pugna
1351 1027 1397 1072 in

115 1126 167 1156 ea
194 1120 325 1172 gente
353 1118 595 1164 evenerat,
625 1105 813 1168 collegae
846 1101 1052 1149 secunda.
1081 1100 1223 1147 Multa
1258 1100 1400 1162 spolia

114 1181 311 1227 hostium
341 1178 531 1241 captivis
560 1175 783 1240 carpentis
814 1174 1036 1229 traducta,
1064 1171 1204 1219 multa
1235 1171 1400 1218 milita-

116 1254 179 1300 ria
209 1253 328 1315 figna
355 1252 460 1310 lata,
490 1250 590 1297 aeris
615 1260 815 1297 trecenta
845 1246 1010 1310 viginti
1040 1244 1201 1302 millia,
1231 1244 1399 1308 argenti

119 1325 258 1389 bigati
292 1325 478 1373 ducenta
509 1322 692 1386 triginta
727 1331 925 1384 quatuor
959 1317 1113 1364 millia.
1148 1317 1196 1362 in
1231 1316 1401 1380 pedites

118 1399 319 1462 singulos
343 1397 432 1444 dati
461 1395 712 1460 octingenti
740 1394 839 1441 aeris
858 1412 868 1440 :
889 1391 1055 1455 triplex
1080 1390 1220 1455 equiti
1242 1403 1401 1438 centu-

118 1472 343 1534 rionique.

183 1546 439 1591 XXXVIII.
468 1543 642 1590 Eodem
661 1559 782 1589 anno
804 1540 1057 1588 Antiochus
1075 1554 1177 1596 rex,
1206 1554 1307 1585 cum
1328 1537 1403 1583 hi-

119 1617 336 1665 bernaffet
355 1616 511 1680 Ephefi
528 1651 543 1674 ‚
572 1632 730 1662 omnes
751 1615 864 1662 Afiae
884 1613 1088 1661 civitates
1108 1611 1154 1656 in
1174 1610 1402 1673 antiquam

121 1690 299 1753 imperii
335 1689 578 1738 formulam
622 1688 822 1752 redigere
857 1686 918 1733 est
954 1697 1170 1733 conatus:
1213 1682 1403 1746 reliquas

120 1763 301 1829 quidem
317 1799 332 1820 ,
354 1776 430 1811 aut
448 1762 551 1826 quia
569 1762 681 1809 locis
699 1761 840 1824 planis
859 1759 1014 1823 pofitae
1035 1770 1183 1815 erant,
1207 1768 1282 1802 aut
1299 1755 1403 1819 quia

122 1855 279 1901 parum
314 1837 544 1885 moenibus
576 1836 795 1899 armisque
825 1851 876 1882 ac
910 1831 1141 1894 juventuti
1174 1829 1402 1888 fidebant,

122 1911 242 1958 haud
300 1910 537 1959 difficulter
586 1910 744 1973 jugum
786 1920 1058 1970 accepturas.
1110 1906 1307 1968 Smyrna
1354 1904 1405 1950 &¹

124 1985 390 2047 Lampsacus
425 1984 675 2031 libertatem
714 1981 1022 2044 usurpabant:
1067 1978 1408 2042 periculumque

127 2069 251 2114 erat,
280 2074 365 2116 ne,
400 2056 433 2102 fi
463 2056 720 2102 concefl'um
751 2055 818 2101 his
852 2053 998 2108 foret,
1031 2067 1147 2115 quos
1175 2051 1220 2097 in
1247 2050 1405 2096 Theba

126 2131 368 2194 Smyrnam
386 2129 432 2176 in
452 2128 629 2175 AEolide
650 2128 888 2192 Ioniaque‚
912 2125 1202 2188 Lampsacum
1230 2124 1276 2170 in
1295 2124 1406 2169 Hel-

126 2202 363 2264 lesponto,
390 2201 486 2249 aliae
509 2202 639 2248 urbes
663 2200 963 2264 sequerentur.
998 2199 1135 2262 Igitur
1161 2202 1211 2245 &
1236 2197 1326 2259 ipse
1349 2197 1404 2243 ab

127 2276 305 2339 Epheso
338 2277 392 2322 ad
426 2278 667 2340 Smyrnam
698 2277 987 2323 obfidendam
1024 2274 1161 2319 misit:
1194 2273 1271 2328 &‚
1305 2288 1406 2334 quae

127 2348 284 2412 Abydi
317 2348 462 2411 copiae
498 2360 651 2405 erant,
683 2348 886 2410 praefidio
912 2358 1086 2393 tantum
1116 2344 1300 2390 modico
1335 2360 1406 2390 re-

128 2422 257 2482 licto,
274 2422 375 2468 duci
395 2422 450 2468 ad
472 2422 759 2484 Lampsacum
783 2419 1134 2484 oppugnandum
1153 2417 1280 2478 jussit.
1311 2418 1406 2464 Nec

129 2492 181 2544 vi
214 2508 386 2542 tantum
423 2495 643 2542 terrebat:
678 2494 777 2554 sed,
809 2511 888 2558 per
906 2493 1076 2558 legatos
1105 2489 1262 2538 leniter
1291 2488 1407 2542 allo-e
