1592 2724
241 172 801 222 HISTORIARUM
844 169 969 216 LIB.
1007 166 1224 214 XXVIII.
1328 179 1390 227 79

100 299 298 346 quorum
338 281 521 345 gratiam
564 277 784 335 malebat,
823 272 1104 336 compofita‚
1149 282 1392 317 montanos

103 355 292 401 instituit
322 367 599 417 oppugnare.
632 351 688 395 Et
706 346 927 396 crescebat
955 345 1177 390 exercitus
1199 343 1248 388 in
1267 343 1358 389 dies
1377 378 1391 398 ‚

105 431 161 477 ad
188 429 349 476 famam
378 424 575 472 nominis
607 421 699 484 ejus
727 420 870 468 Gallis
893 418 1091 480 undique
1125 415 1394 463 confluenti-

105 502 204 549 bus.
233 503 294 546 Ea
315 498 452 545 literis
474 494 654 558 cognita
670 494 743 555 Sp.
762 488 981 545 Lucretii,
1004 505 1058 534 ne
1081 486 1260 543 frustra,
1286 486 1396 532 Has-

107 572 291 618 drubale
321 587 423 618 cum
453 565 655 614 exercitu
685 565 833 611 deleto
863 562 1050 609 biennio
1075 572 1203 618 ante,
1240 559 1396 606 forent

108 645 270 703 laetati,
294 643 325 690 s1
354 659 432 706 par
460 639 583 688 aliud
602 639 706 685 inde
728 638 893 685 bellum
910 672 922 696 ‚
956 636 1071 682 duce
1093 646 1268 681 tantum
1298 649 1398 678 mu-

110 729 207 765 tato
226 753 238 774 ‚
264 715 482 770 oriretur,
502 729 654 759 curam
677 711 904 775 ingentem
931 707 1235 757 accenderunt
1258 705 1399 752 Patri-

110 793 211 839 bus.
234 793 386 854 Itaque
418 790 468 834 ὃ(
489 789 552 832 Μ.
585 785 764 833 Livium
795 781 1115 847 proconsulem
1146 798 1202 828 ex
1223 781 1399 827 Etruria

111 863 340 924 volonum
383 858 632 906 exercitum
674 857 920 904 admovere
967 855 1222 902 Ariminum
1266 853 1400 914 juffe-

112 947 245 994 runt,
266 937 314 982 ὅ(
335 935 422 982 Cn.
453 926 649 979 Servilio
670 930 855 994 praetori
878 928 1108 992 negotium
1130 927 1306 981 datum,
1329 938 1403 980 ut,

113 1010 146 1056 si
175 1006 454 1071 erepublica
488 1005 684 1053 censeret
709 1004 823 1061 effe,
854 1003 1046 1050 urbanas
1076 999 1303 1064 legiones,
1330 998 1403 1044 cui

117 1080 310 1142 imperio
337 1079 568 1126 videretur
598 1077 731 1135 dato,
759 1092 816 1121 ex
847 1074 956 1121 urbe
989 1072 1094 1120 duci
1123 1071 1309 1134 juberet.
1340 1071 1405 1115 M.

118 1152 324 1200 Valerius
341 1153 550 1199 Laevinus
569 1150 793 1196 Arretium
824 1163 894 1194 eas
913 1146 1113 1210 legiones
1146 1143 1287 1191 duxit.
1315 1143 1408 1189 Eis-

119 1226 221 1271 dem
240 1224 394 1270 diebus
414 1239 551 1268 naves
571 1221 798 1268 onerarias
828 1221 1079 1266 Poenorum
1099 1216 1153 1262 ad
1176 1216 1406 1277 octoginta

120 1296 239 1343 circa
273 1295 522 1339 Sardiniam
563 1294 618 1339 ab
651 1293 738 1337 Cn.
773 1290 1000 1344 OHavio,
1037 1288 1116 1350 qui
1153 1287 1410 1349 provinciae

120 1377 334 1431 praeerat,
370 1376 543 1427 captas,
573 1361 748 1409 Coelius
779 1359 1006 1406 frumento
1040 1359 1171 1405 miffo
1199 1359 1252 1404 ad
1284 1360 1413 1404 Han·

122 1438 319 1485 nibalem
353 1448 698 1498 commeatuque
732 1432 940 1491 onustas,
975 1430 1183 1478 Valerius
1215 1432 1413 1494 praedam

122 1508 350 1558 Etruscam
378 1507 684 1570 Ligurumque
709 1516 1032 1552 montanorum
1064 1502 1272 1565 captivos
1298 1505 1414 1549 Car·-

124 1581 352 1645 thaginem
384 1590 716 1643 perportantes‚
738 1577 886 1625 tradit.
922 1577 968 1622 in
990 1574 1172 1623 Bruttiis
1197 1575 1308 1621 nihil
1328 1574 1414 1622 ser-

125 1673 198 1703 me
228 1670 349 1701 anno
371 1670 427 1700 eo
454 1650 746 1698 memorabile
776 1650 959 1714 gestum.
989 1646 1238 1696 Pestilentia
1271 1647 1416 1694 inces-

126 1727 368 1792 serat‘pari
397 1727 520 1774 clade
547 1727 593 1772 in
617 1727 852 1772 Romanos
875 1722 1134 1786 Poenosque
1155 1737 1166 1767 t
1189 1721 1268 1769 nisi
1290 1722 1416 1785 quod

126 1803 343 1850 Punicum
374 1799 621 1847 exercitum
652 1797 779 1860 super
797 1797 1007 1843 morbum
1036 1795 1170 1841 etiam
1200 1794 1334 1840 fames
1353 1793 1416 1840 af·-

127 1874 247 1921 fecit.
293 1874 483 1935 Propter
516 1870 702 1918 Junonis
739 1868 934 1916 Laciniae
971 1866 1188 1929 templum
1224 1865 1416 1911 aestatem

130 1946 357 1993 Hannibal
381 1946 495 2010 egit;
514 1943 667 2008 ibique
697 1959 817 1988 aram
840 1940 1045 1988 condidit
1065 1939 1384 2001 dedicavitque
1401 1973 1416 1994 ,

129 2037 234 2067 cum
265 2019 434 2083 ingenti
470 2034 617 2065 rerum
646 2016 701 2063 ab
722 2015 763 2062 se
799 2014 1014 2079 gestarum
1049 2012 1216 2073 titulo,
1236 2010 1419 2059 Punicis

130 2091 388 2157 Graecisque
409 2091 547 2140 literis
567 2088 806 2152 insculpto.

544 2294 1041 2338 kp-——m-qt
