<?xml version="1.0" encoding="UTF-8"?>
<!DOCTYPE html PUBLIC "-//W3C//DTD XHTML 1.0 Transitional//EN"
    "http://www.w3.org/TR/xhtml1/DTD/xhtml1-transitional.dtd">
<html xmlns="http://www.w3.org/1999/xhtml" xml:lang="en" lang="en">
 <head>
  <title>
</title>
<meta http-equiv="Content-Type" content="text/html;charset=utf-8" />
  <meta name='ocr-system' content='tesseract 3.04.00' />
  <meta name='ocr-capabilities' content='ocr_page ocr_carea ocr_par ocr_line ocrx_word'/>
</head>
<body>
  <div class='ocr_page' id='page_1' title='image "./historiarumlibri05livyuoft_0450.png"; bbox 0 0 1592 2724; ppageno 0'>
   <div class='ocr_carea' id='block_1_1' title="bbox 218 140 1141 211">
    <p class='ocr_par' dir='ltr' id='par_1_1' title="bbox 218 140 1141 211">
     <span class='ocr_line' id='line_1_1' title="bbox 218 140 1141 211; baseline -0.01 -17"><span class='ocrx_word' id='word_1_1' title='bbox 218 163 312 211; x_wconf 76' lang='lat'>434</span> <span class='ocrx_word' id='word_1_2' title='bbox 567 140 1141 190; x_wconf 80' lang='lat' dir='ltr'>T1T1L1V11</span> 
     </span>
    </p>
   </div>
   <div class='ocr_carea' id='block_1_2' title="bbox 217 244 1517 2501">
    <p class='ocr_par' dir='ltr' id='par_1_2' title="bbox 217 244 1515 1487">
     <span class='ocr_line' id='line_1_2' title="bbox 219 244 1503 317; baseline -0.006 -17"><span class='ocrx_word' id='word_1_3' title='bbox 219 251 456 317; x_wconf 69' lang='lat' dir='ltr'>praesidiis,</span> <span class='ocrx_word' id='word_1_4' title='bbox 493 262 774 300; x_wconf 81' lang='lat' dir='ltr'>conventum</span> <span class='ocrx_word' id='word_1_5' title='bbox 819 247 881 294; x_wconf 82' lang='lat' dir='ltr'>ibi</span> <span class='ocrx_word' id='word_1_6' title='bbox 918 246 1223 294; x_wconf 82' lang='lat' dir='ltr'>Euboicarum</span> <span class='ocrx_word' id='word_1_7' title='bbox 1264 244 1503 293; x_wconf 73' lang='lat' dir='ltr'>civitatum</span> 
     </span>
     <span class='ocr_line' id='line_1_3' title="bbox 217 320 1505 387; baseline -0.006 -13"><span class='ocrx_word' id='word_1_8' title='bbox 217 327 373 374; x_wconf 74' lang='lat' dir='ltr'>habuit</span> <span class='ocrx_word' id='word_1_9' title='bbox 394 345 405 373; x_wconf 72' lang='grc' dir='ltr'>ε</span> <span class='ocrx_word' id='word_1_10' title='bbox 427 322 852 387; x_wconf 80' lang='lat' dir='ltr'>commonitosque‚</span> <span class='ocrx_word' id='word_1_11' title='bbox 873 321 920 366; x_wconf 87' lang='lat' dir='ltr'>in</span> <span class='ocrx_word' id='word_1_12' title='bbox 951 336 1045 384; x_wconf 80' lang='lat' dir='ltr'>quo</span> <span class='ocrx_word' id='word_1_13' title='bbox 1077 320 1188 368; x_wconf 78' lang='lat' dir='ltr'>statu</span> <span class='ocrx_word' id='word_1_14' title='bbox 1209 337 1355 367; x_wconf 84' lang='lat' dir='ltr'>rerum</span> <span class='ocrx_word' id='word_1_15' title='bbox 1380 336 1505 367; x_wconf 78' lang='lat' dir='ltr'>acce·</span> 
     </span>
     <span class='ocr_line' id='line_1_4' title="bbox 220 393 1504 462; baseline -0.005 -17"><span class='ocrx_word' id='word_1_16' title='bbox 220 399 347 462; x_wconf 78' lang='lat' dir='ltr'>piffet</span> <span class='ocrx_word' id='word_1_17' title='bbox 376 414 482 456; x_wconf 85' lang='lat' dir='ltr'>eos,</span> <span class='ocrx_word' id='word_1_18' title='bbox 515 399 563 444; x_wconf 73' lang='grc' dir='ltr'>δε</span> <span class='ocrx_word' id='word_1_19' title='bbox 598 396 645 441; x_wconf 87' lang='lat' dir='ltr'>in</span> <span class='ocrx_word' id='word_1_20' title='bbox 675 411 769 458; x_wconf 82' lang='lat' dir='ltr'>quo</span> <span class='ocrx_word' id='word_1_21' title='bbox 803 394 1103 456; x_wconf 71' lang='lat' dir='ltr'>relinqueret,</span> <span class='ocrx_word' id='word_1_22' title='bbox 1124 393 1301 440; x_wconf 81' lang='lat' dir='ltr'>dimisit.</span> <span class='ocrx_word' id='word_1_23' title='bbox 1332 394 1504 440; x_wconf 87' lang='lat' dir='ltr'>Deme-</span> 
     </span>
     <span class='ocr_line' id='line_1_5' title="bbox 220 466 1506 531; baseline -0.005 -13"><span class='ocrx_word' id='word_1_24' title='bbox 220 472 406 518; x_wconf 77' lang='lat' dir='ltr'>triadem</span> <span class='ocrx_word' id='word_1_25' title='bbox 454 471 555 517; x_wconf 81' lang='lat' dir='ltr'>inde</span> <span class='ocrx_word' id='word_1_26' title='bbox 597 467 898 531; x_wconf 65' lang='lat' dir='ltr'>proficiscitur</span> <span class='ocrx_word' id='word_1_27' title='bbox 931 485 941 513; x_wconf 85' lang='lat'>:</span> <span class='ocrx_word' id='word_1_28' title='bbox 975 467 1258 531; x_wconf 65' lang='lat' dir='ltr'>deduftoque</span> <span class='ocrx_word' id='word_1_29' title='bbox 1300 466 1506 529; x_wconf 81' lang='lat' dir='ltr'>praefidio</span> 
     </span>
     <span class='ocr_line' id='line_1_6' title="bbox 222 538 1508 608; baseline -0.004 -18"><span class='ocrx_word' id='word_1_30' title='bbox 222 542 599 608; x_wconf 67' lang='lat' dir='ltr'><strong>prosequentibus</strong></span> <span class='ocrx_word' id='word_1_31' title='bbox 621 540 788 587; x_wconf 51' lang='lat' dir='ltr'>cunetis</span> <span class='ocrx_word' id='word_1_32' title='bbox 803 575 815 596; x_wconf 85' lang='lat'>,</span> <span class='ocrx_word' id='word_1_33' title='bbox 838 539 946 586; x_wconf 84' lang='lat' dir='ltr'>ficut</span> <span class='ocrx_word' id='word_1_34' title='bbox 962 540 1178 587; x_wconf 80' lang='lat' dir='ltr'>Corinthi</span> <span class='ocrx_word' id='word_1_35' title='bbox 1201 541 1250 587; x_wconf 85' lang='lat'>&amp;</span> <span class='ocrx_word' id='word_1_36' title='bbox 1268 538 1508 593; x_wconf 74' lang='lat' dir='ltr'>Chalcide,</span> 
     </span>
     <span class='ocr_line' id='line_1_7' title="bbox 221 611 1508 681; baseline -0.006 -18"><span class='ocrx_word' id='word_1_37' title='bbox 221 618 365 681; x_wconf 75' lang='lat' dir='ltr'>pergit</span> <span class='ocrx_word' id='word_1_38' title='bbox 389 617 452 661; x_wconf 84' lang='lat' dir='ltr'>ire</span> <span class='ocrx_word' id='word_1_39' title='bbox 477 615 523 660; x_wconf 88' lang='lat' dir='ltr'>in</span> <span class='ocrx_word' id='word_1_40' title='bbox 546 612 814 660; x_wconf 74' lang='lat' dir='ltr'>Thessaliam</span> <span class='ocrx_word' id='word_1_41' title='bbox 836 629 845 656; x_wconf 76' lang='grc' dir='ltr'>ε</span> <span class='ocrx_word' id='word_1_42' title='bbox 869 611 946 657; x_wconf 84' lang='lat' dir='ltr'>ubi</span> <span class='ocrx_word' id='word_1_43' title='bbox 971 629 1066 658; x_wconf 90' lang='lat' dir='ltr'>non</span> <span class='ocrx_word' id='word_1_44' title='bbox 1096 611 1334 658; x_wconf 78' lang='lat' dir='ltr'>liberandae</span> <span class='ocrx_word' id='word_1_45' title='bbox 1364 611 1508 656; x_wconf 74' lang='lat' dir='ltr'>morlo</span> 
     </span>
     <span class='ocr_line' id='line_1_8' title="bbox 223 684 1509 743; baseline -0.005 -6"><span class='ocrx_word' id='word_1_46' title='bbox 223 690 429 738; x_wconf 75' lang='lat' dir='ltr'>civitates</span> <span class='ocrx_word' id='word_1_47' title='bbox 456 702 582 733; x_wconf 84' lang='lat' dir='ltr'>erant</span> <span class='ocrx_word' id='word_1_48' title='bbox 599 723 612 743; x_wconf 87' lang='lat'>‚</span> <span class='ocrx_word' id='word_1_49' title='bbox 635 685 707 731; x_wconf 85' lang='lat' dir='ltr'>sed</span> <span class='ocrx_word' id='word_1_50' title='bbox 733 702 789 730; x_wconf 62' lang='lat' dir='ltr'>ex·</span> <span class='ocrx_word' id='word_1_51' title='bbox 811 684 938 731; x_wconf 87' lang='lat' dir='ltr'>omni</span> <span class='ocrx_word' id='word_1_52' title='bbox 971 685 1239 733; x_wconf 81' lang='lat' dir='ltr'>colluvione</span> <span class='ocrx_word' id='word_1_53' title='bbox 1271 687 1318 734; x_wconf 84' lang='lat'>&amp;</span> <span class='ocrx_word' id='word_1_54' title='bbox 1342 684 1509 732; x_wconf 85' lang='lat' dir='ltr'>confu-</span> 
     </span>
     <span class='ocr_line' id='line_1_9' title="bbox 222 758 1508 824; baseline -0.003 -15"><span class='ocrx_word' id='word_1_55' title='bbox 222 764 346 809; x_wconf 76' lang='lat' dir='ltr'>sione</span> <span class='ocrx_word' id='word_1_56' title='bbox 385 760 431 806; x_wconf 85' lang='lat' dir='ltr'>in</span> <span class='ocrx_word' id='word_1_57' title='bbox 463 760 659 824; x_wconf 75' lang='lat' dir='ltr'>aliquam</span> <span class='ocrx_word' id='word_1_58' title='bbox 690 758 973 805; x_wconf 78' lang='lat' dir='ltr'>tolerabilem</span> <span class='ocrx_word' id='word_1_59' title='bbox 1011 758 1199 806; x_wconf 84' lang='lat' dir='ltr'>formam</span> <span class='ocrx_word' id='word_1_60' title='bbox 1239 759 1508 822; x_wconf 75' lang='lat' dir='ltr'>redigendae.</span> 
     </span>
     <span class='ocr_line' id='line_1_10' title="bbox 223 832 1510 896; baseline -0.001 -13"><span class='ocrx_word' id='word_1_61' title='bbox 223 837 320 882; x_wconf 84' lang='lat' dir='ltr'>Nec</span> <span class='ocrx_word' id='word_1_62' title='bbox 343 835 461 881; x_wconf 89' lang='lat' dir='ltr'>enim</span> <span class='ocrx_word' id='word_1_63' title='bbox 483 846 742 896; x_wconf 86' lang='lat' dir='ltr'>temporum</span> <span class='ocrx_word' id='word_1_64' title='bbox 768 832 910 880; x_wconf 87' lang='lat' dir='ltr'>modo</span> <span class='ocrx_word' id='word_1_65' title='bbox 936 832 1057 880; x_wconf 87' lang='lat' dir='ltr'>vitiis</span> <span class='ocrx_word' id='word_1_66' title='bbox 1076 869 1089 889; x_wconf 94' lang='lat'>,</span> <span class='ocrx_word' id='word_1_67' title='bbox 1109 850 1160 879; x_wconf 88' lang='lat' dir='ltr'>ac</span> <span class='ocrx_word' id='word_1_68' title='bbox 1190 832 1410 880; x_wconf 84' lang='lat' dir='ltr'>violentia</span> <span class='ocrx_word' id='word_1_69' title='bbox 1427 870 1440 891; x_wconf 87' lang='lat'>‚</span> <span class='ocrx_word' id='word_1_70' title='bbox 1461 837 1510 882; x_wconf 90' lang='lat'>&amp;</span> 
     </span>
     <span class='ocr_line' id='line_1_11' title="bbox 223 905 1510 973; baseline -0.005 -16"><span class='ocrx_word' id='word_1_71' title='bbox 223 911 403 958; x_wconf 72' lang='lat' dir='ltr'>licentia</span> <span class='ocrx_word' id='word_1_72' title='bbox 434 908 553 971; x_wconf 77' lang='lat' dir='ltr'>regia</span> <span class='ocrx_word' id='word_1_73' title='bbox 581 906 744 954; x_wconf 82' lang='lat' dir='ltr'>turbati</span> <span class='ocrx_word' id='word_1_74' title='bbox 774 922 899 952; x_wconf 87' lang='lat' dir='ltr'>erant</span> <span class='ocrx_word' id='word_1_75' title='bbox 921 905 1020 952; x_wconf 85' lang='lat' dir='ltr'>:sed</span> <span class='ocrx_word' id='word_1_76' title='bbox 1050 905 1255 973; x_wconf 79' lang='lat' dir='ltr'>inquieto</span> <span class='ocrx_word' id='word_1_77' title='bbox 1285 906 1418 953; x_wconf 88' lang='lat' dir='ltr'>etiam</span> <span class='ocrx_word' id='word_1_78' title='bbox 1442 906 1510 952; x_wconf 86' lang='lat' dir='ltr'>in-</span> 
     </span>
     <span class='ocr_line' id='line_1_12' title="bbox 227 979 1509 1049; baseline -0.003 -19"><span class='ocrx_word' id='word_1_79' title='bbox 227 984 361 1049; x_wconf 84' lang='lat' dir='ltr'>genio</span> <span class='ocrx_word' id='word_1_80' title='bbox 397 981 566 1046; x_wconf 81' lang='lat' dir='ltr'>gentis,</span> <span class='ocrx_word' id='word_1_81' title='bbox 601 996 683 1026; x_wconf 90' lang='lat' dir='ltr'>nec</span> <span class='ocrx_word' id='word_1_82' title='bbox 719 979 930 1037; x_wconf 85' lang='lat' dir='ltr'>comitia,</span> <span class='ocrx_word' id='word_1_83' title='bbox 963 994 1045 1026; x_wconf 85' lang='lat' dir='ltr'>nec</span> <span class='ocrx_word' id='word_1_84' title='bbox 1082 990 1392 1037; x_wconf 86' lang='lat' dir='ltr'>conventum,</span> <span class='ocrx_word' id='word_1_85' title='bbox 1425 996 1509 1026; x_wconf 82' lang='lat' dir='ltr'>nec</span> 
     </span>
     <span class='ocr_line' id='line_1_13' title="bbox 224 1051 1513 1116; baseline -0.006 -10"><span class='ocrx_word' id='word_1_86' title='bbox 224 1057 471 1106; x_wconf 81' lang='lat' dir='ltr'>concilium</span> <span class='ocrx_word' id='word_1_87' title='bbox 516 1054 681 1113; x_wconf 80' lang='lat' dir='ltr'>ullum,</span> <span class='ocrx_word' id='word_1_88' title='bbox 717 1070 810 1099; x_wconf 89' lang='lat' dir='ltr'>non</span> <span class='ocrx_word' id='word_1_89' title='bbox 850 1069 928 1116; x_wconf 88' lang='lat' dir='ltr'>per</span> <span class='ocrx_word' id='word_1_90' title='bbox 961 1051 1225 1101; x_wconf 82' lang='lat' dir='ltr'><strong>seditionem</strong></span> <span class='ocrx_word' id='word_1_91' title='bbox 1261 1070 1313 1100; x_wconf 88' lang='lat' dir='ltr'>ac</span> <span class='ocrx_word' id='word_1_92' title='bbox 1346 1052 1513 1099; x_wconf 86' lang='lat' dir='ltr'>tumul-</span> 
     </span>
     <span class='ocr_line' id='line_1_14' title="bbox 228 1126 1514 1193; baseline -0.004 -14"><span class='ocrx_word' id='word_1_93' title='bbox 228 1146 319 1180; x_wconf 84' lang='lat' dir='ltr'>tum</span> <span class='ocrx_word' id='word_1_94' title='bbox 340 1168 352 1190; x_wconf 87' lang='lat'>‚</span> <span class='ocrx_word' id='word_1_95' title='bbox 378 1130 465 1193; x_wconf 84' lang='lat' dir='ltr'>jam</span> <span class='ocrx_word' id='word_1_96' title='bbox 497 1129 599 1175; x_wconf 85' lang='lat' dir='ltr'>inde</span> <span class='ocrx_word' id='word_1_97' title='bbox 626 1145 648 1174; x_wconf 85' lang='lat' dir='ltr'>a</span> <span class='ocrx_word' id='word_1_98' title='bbox 678 1126 904 1191; x_wconf 87' lang='lat' dir='ltr'>principio</span> <span class='ocrx_word' id='word_1_99' title='bbox 933 1127 987 1174; x_wconf 91' lang='lat' dir='ltr'>ad</span> <span class='ocrx_word' id='word_1_100' title='bbox 1020 1127 1218 1174; x_wconf 88' lang='lat' dir='ltr'>nostram</span> <span class='ocrx_word' id='word_1_101' title='bbox 1246 1127 1382 1191; x_wconf 86' lang='lat' dir='ltr'>usque</span> <span class='ocrx_word' id='word_1_102' title='bbox 1409 1139 1514 1174; x_wconf 82' lang='lat' dir='ltr'>aeta-</span> 
     </span>
     <span class='ocr_line' id='line_1_15' title="bbox 228 1199 1515 1260; baseline -0.002 -8"><span class='ocrx_word' id='word_1_103' title='bbox 228 1219 349 1260; x_wconf 85' lang='lat' dir='ltr'>tem,</span> <span class='ocrx_word' id='word_1_104' title='bbox 383 1203 676 1250; x_wconf 77' lang='lat' dir='ltr'><strong>traducentes.</strong></span> <span class='ocrx_word' id='word_1_105' title='bbox 708 1202 745 1247; x_wconf 90' lang='lat' dir='ltr'><strong>A</strong></span> <span class='ocrx_word' id='word_1_106' title='bbox 777 1200 908 1247; x_wconf 86' lang='lat' dir='ltr'>censu</span> <span class='ocrx_word' id='word_1_107' title='bbox 938 1200 1131 1247; x_wconf 82' lang='lat' dir='ltr'>maxime</span> <span class='ocrx_word' id='word_1_108' title='bbox 1163 1202 1214 1247; x_wconf 86' lang='lat'>&amp;</span> <span class='ocrx_word' id='word_1_109' title='bbox 1242 1199 1439 1247; x_wconf 84' lang='lat' dir='ltr'>senatum</span> <span class='ocrx_word' id='word_1_110' title='bbox 1465 1203 1515 1249; x_wconf 72' lang='grc' dir='ltr'>δε</span> 
     </span>
     <span class='ocr_line' id='line_1_16' title="bbox 228 1274 1514 1341; baseline -0.005 -15"><span class='ocrx_word' id='word_1_111' title='bbox 228 1279 398 1340; x_wconf 78' lang='lat' dir='ltr'>judices</span> <span class='ocrx_word' id='word_1_112' title='bbox 433 1277 567 1341; x_wconf 79' lang='lat' dir='ltr'>legit:</span> <span class='ocrx_word' id='word_1_113' title='bbox 602 1275 999 1339; x_wconf 83' lang='lat' dir='ltr'>potentioremque</span> <span class='ocrx_word' id='word_1_114' title='bbox 1032 1291 1129 1322; x_wconf 87' lang='lat' dir='ltr'>eam</span> <span class='ocrx_word' id='word_1_115' title='bbox 1157 1286 1326 1338; x_wconf 87' lang='lat' dir='ltr'>partem</span> <span class='ocrx_word' id='word_1_116' title='bbox 1356 1274 1514 1322; x_wconf 82' lang='lat' dir='ltr'>civita-</span> 
     </span>
     <span class='ocr_line' id='line_1_17' title="bbox 230 1346 1513 1414; baseline -0.005 -14"><span class='ocrx_word' id='word_1_117' title='bbox 230 1365 323 1400; x_wconf 84' lang='lat' dir='ltr'>tum</span> <span class='ocrx_word' id='word_1_118' title='bbox 366 1351 497 1408; x_wconf 81' lang='lat' dir='ltr'>fecit,</span> <span class='ocrx_word' id='word_1_119' title='bbox 534 1349 607 1396; x_wconf 85' lang='lat' dir='ltr'>cui</span> <span class='ocrx_word' id='word_1_120' title='bbox 646 1347 764 1397; x_wconf 87' lang='lat' dir='ltr'>salva</span> <span class='ocrx_word' id='word_1_121' title='bbox 806 1348 1135 1414; x_wconf 86' lang='lat' dir='ltr'>tranquillaque</span> <span class='ocrx_word' id='word_1_122' title='bbox 1174 1346 1329 1395; x_wconf 87' lang='lat' dir='ltr'>omnia</span> <span class='ocrx_word' id='word_1_123' title='bbox 1374 1349 1513 1412; x_wconf 78' lang='lat' dir='ltr'>magis</span> 
     </span>
     <span class='ocr_line' id='line_1_18' title="bbox 229 1423 622 1487; baseline -0.013 -14"><span class='ocrx_word' id='word_1_124' title='bbox 229 1426 313 1473; x_wconf 80' lang='lat' dir='ltr'>esse</span> <span class='ocrx_word' id='word_1_125' title='bbox 342 1423 622 1487; x_wconf 76' lang='lat' dir='ltr'>expediebat.</span> 
     </span>
    </p>

    <p class='ocr_par' dir='ltr' id='par_1_3' title="bbox 230 1492 1517 2501">
     <span class='ocr_line' id='line_1_19' title="bbox 295 1492 1515 1560; baseline -0.007 -14"><span class='ocrx_word' id='word_1_126' title='bbox 295 1502 383 1546; x_wconf 84' lang='lat' dir='ltr'><strong>LII.</strong></span> <span class='ocrx_word' id='word_1_127' title='bbox 419 1501 478 1544; x_wconf 80' lang='lat' dir='ltr'>Ita</span> <span class='ocrx_word' id='word_1_128' title='bbox 508 1514 608 1544; x_wconf 88' lang='lat' dir='ltr'>cum</span> <span class='ocrx_word' id='word_1_129' title='bbox 641 1496 950 1560; x_wconf 70' lang='lat' dir='ltr'>percensuisset</span> <span class='ocrx_word' id='word_1_130' title='bbox 979 1495 1270 1553; x_wconf 79' lang='lat' dir='ltr'>Thessaliam,</span> <span class='ocrx_word' id='word_1_131' title='bbox 1297 1510 1376 1557; x_wconf 88' lang='lat' dir='ltr'>per</span> <span class='ocrx_word' id='word_1_132' title='bbox 1407 1492 1515 1556; x_wconf 77' lang='lat' dir='ltr'>Epi-</span> 
     </span>
     <span class='ocr_line' id='line_1_20' title="bbox 230 1567 1514 1630; baseline -0.006 -11"><span class='ocrx_word' id='word_1_133' title='bbox 230 1591 329 1620; x_wconf 86' lang='lat' dir='ltr'>rum</span> <span class='ocrx_word' id='word_1_134' title='bbox 355 1574 401 1618; x_wconf 88' lang='lat' dir='ltr'>in</span> <span class='ocrx_word' id='word_1_135' title='bbox 431 1572 620 1618; x_wconf 83' lang='lat' dir='ltr'>Oricum</span> <span class='ocrx_word' id='word_1_136' title='bbox 641 1606 654 1626; x_wconf 79' lang='lat'>‚</span> <span class='ocrx_word' id='word_1_137' title='bbox 685 1570 802 1616; x_wconf 84' lang='lat' dir='ltr'>unde</span> <span class='ocrx_word' id='word_1_138' title='bbox 838 1581 928 1615; x_wconf 86' lang='lat' dir='ltr'>erat</span> <span class='ocrx_word' id='word_1_139' title='bbox 958 1568 1249 1630; x_wconf 59' lang='lat' dir='ltr'>traJefhlrus,</span> <span class='ocrx_word' id='word_1_140' title='bbox 1279 1567 1418 1615; x_wconf 77' lang='lat' dir='ltr'>venir.</span> <span class='ocrx_word' id='word_1_141' title='bbox 1444 1567 1514 1612; x_wconf 77' lang='lat' dir='ltr'>Ab</span> 
     </span>
     <span class='ocr_line' id='line_1_21' title="bbox 233 1637 1514 1707; baseline -0.007 -15"><span class='ocrx_word' id='word_1_142' title='bbox 233 1647 381 1692; x_wconf 83' lang='lat' dir='ltr'>Orico</span> <span class='ocrx_word' id='word_1_143' title='bbox 408 1644 554 1707; x_wconf 83' lang='lat' dir='ltr'>copiae</span> <span class='ocrx_word' id='word_1_144' title='bbox 581 1659 738 1689; x_wconf 79' lang='lat' dir='ltr'>omnes</span> <span class='ocrx_word' id='word_1_145' title='bbox 761 1642 1041 1688; x_wconf 73' lang='lat' dir='ltr'>Brundisium</span> <span class='ocrx_word' id='word_1_146' title='bbox 1064 1640 1386 1703; x_wconf 77' lang='lat' dir='ltr'>transportatae.</span> <span class='ocrx_word' id='word_1_147' title='bbox 1411 1637 1514 1683; x_wconf 78' lang='lat' dir='ltr'>inde</span> 
     </span>
     <span class='ocr_line' id='line_1_22' title="bbox 233 1711 1514 1784; baseline -0.007 -18"><span class='ocrx_word' id='word_1_148' title='bbox 233 1737 313 1784; x_wconf 85' lang='lat' dir='ltr'>per</span> <span class='ocrx_word' id='word_1_149' title='bbox 338 1731 480 1765; x_wconf 79' lang='lat' dir='ltr'>totam</span> <span class='ocrx_word' id='word_1_150' title='bbox 512 1717 680 1764; x_wconf 72' lang='lat' dir='ltr'>ltaliam</span> <span class='ocrx_word' id='word_1_151' title='bbox 716 1715 770 1760; x_wconf 88' lang='lat' dir='ltr'>ad</span> <span class='ocrx_word' id='word_1_152' title='bbox 799 1715 956 1761; x_wconf 84' lang='lat' dir='ltr'>urbem</span> <span class='ocrx_word' id='word_1_153' title='bbox 990 1729 1133 1776; x_wconf 78' lang='lat' dir='ltr'>prope</span> <span class='ocrx_word' id='word_1_154' title='bbox 1161 1711 1514 1778; x_wconf 79' lang='lat' dir='ltr'>triumphantes,</span> 
     </span>
     <span class='ocr_line' id='line_1_23' title="bbox 233 1783 1515 1851; baseline -0.007 -14"><span class='ocrx_word' id='word_1_155' title='bbox 233 1807 328 1838; x_wconf 83' lang='lat' dir='ltr'>non</span> <span class='ocrx_word' id='word_1_156' title='bbox 363 1790 540 1835; x_wconf 85' lang='lat' dir='ltr'>minore</span> <span class='ocrx_word' id='word_1_157' title='bbox 561 1789 737 1851; x_wconf 81' lang='lat' dir='ltr'>agmine</span> <span class='ocrx_word' id='word_1_158' title='bbox 774 1804 920 1833; x_wconf 87' lang='lat' dir='ltr'>rerum</span> <span class='ocrx_word' id='word_1_159' title='bbox 954 1798 1213 1849; x_wconf 74' lang='lat' dir='ltr'>captarum,</span> <span class='ocrx_word' id='word_1_160' title='bbox 1239 1801 1373 1847; x_wconf 87' lang='lat' dir='ltr'>quam</span> <span class='ocrx_word' id='word_1_161' title='bbox 1401 1783 1481 1829; x_wconf 90' lang='lat' dir='ltr'>suo</span> <span class='ocrx_word' id='word_1_162' title='bbox 1501 1819 1515 1839; x_wconf 91' lang='lat'>,</span> 
     </span>
     <span class='ocr_line' id='line_1_24' title="bbox 233 1858 1515 1927; baseline -0.008 -17"><span class='ocrx_word' id='word_1_163' title='bbox 233 1882 326 1927; x_wconf 82' lang='lat' dir='ltr'>prae</span> <span class='ocrx_word' id='word_1_164' title='bbox 348 1862 388 1909; x_wconf 90' lang='lat' dir='ltr'>se</span> <span class='ocrx_word' id='word_1_165' title='bbox 414 1864 536 1919; x_wconf 57' lang='lat' dir='ltr'>aeto,</span> <span class='ocrx_word' id='word_1_166' title='bbox 563 1872 798 1907; x_wconf 81' lang='lat' dir='ltr'>venerunt.</span> <span class='ocrx_word' id='word_1_167' title='bbox 842 1859 1074 1921; x_wconf 83' lang='lat' dir='ltr'>Postquam</span> <span class='ocrx_word' id='word_1_168' title='bbox 1108 1858 1295 1902; x_wconf 81' lang='lat' dir='ltr'>Romam</span> <span class='ocrx_word' id='word_1_169' title='bbox 1327 1865 1515 1901; x_wconf 78' lang='lat' dir='ltr'>ventum</span> 
     </span>
     <span class='ocr_line' id='line_1_25' title="bbox 234 1925 1517 1992; baseline -0.009 -8"><span class='ocrx_word' id='word_1_170' title='bbox 234 1938 322 1992; x_wconf 85' lang='lat' dir='ltr'>est,</span> <span class='ocrx_word' id='word_1_171' title='bbox 357 1937 529 1981; x_wconf 73' lang='lat' dir='ltr'>{enatus</span> <span class='ocrx_word' id='word_1_172' title='bbox 564 1947 688 1981; x_wconf 73' lang='lat' dir='ltr'>extra</span> <span class='ocrx_word' id='word_1_173' title='bbox 722 1934 880 1980; x_wconf 86' lang='lat' dir='ltr'>urbem</span> <span class='ocrx_word' id='word_1_174' title='bbox 914 1930 1135 1992; x_wconf 60' lang='lat' dir='ltr'>Quinfi&#39;tio</span> <span class='ocrx_word' id='word_1_175' title='bbox 1171 1928 1226 1975; x_wconf 87' lang='lat' dir='ltr'>ad</span> <span class='ocrx_word' id='word_1_176' title='bbox 1265 1943 1333 1974; x_wconf 86' lang='lat' dir='ltr'>res</span> <span class='ocrx_word' id='word_1_177' title='bbox 1376 1925 1517 1990; x_wconf 75' lang='lat' dir='ltr'>gestas</span> 
     </span>
     <span class='ocr_line' id='line_1_26' title="bbox 236 1997 1517 2066; baseline -0.009 -11"><span class='ocrx_word' id='word_1_178' title='bbox 236 2008 527 2056; x_wconf 69' lang='lat' dir='ltr'>ediss&#39;erendas</span> <span class='ocrx_word' id='word_1_179' title='bbox 548 2008 673 2053; x_wconf 79' lang='lat' dir='ltr'>datus</span> <span class='ocrx_word' id='word_1_180' title='bbox 694 2006 754 2052; x_wconf 84' lang='lat' dir='ltr'>est</span> <span class='ocrx_word' id='word_1_181' title='bbox 771 2042 783 2062; x_wconf 90' lang='lat'>,</span> <span class='ocrx_word' id='word_1_182' title='bbox 805 2002 1146 2066; x_wconf 77' lang='lat' dir='ltr'>triumphusque</span> <span class='ocrx_word' id='word_1_183' title='bbox 1166 1999 1347 2047; x_wconf 83' lang='lat' dir='ltr'>meritus</span> <span class='ocrx_word' id='word_1_184' title='bbox 1369 1998 1428 2045; x_wconf 88' lang='lat' dir='ltr'>ab</span> <span class='ocrx_word' id='word_1_185' title='bbox 1447 1997 1517 2044; x_wconf 74' lang='lat' dir='ltr'>lu-</span> 
     </span>
     <span class='ocr_line' id='line_1_27' title="bbox 237 2070 1516 2136; baseline -0.009 -8"><span class='ocrx_word' id='word_1_186' title='bbox 237 2081 443 2128; x_wconf 80' lang='lat' dir='ltr'>bentibus</span> <span class='ocrx_word' id='word_1_187' title='bbox 473 2080 691 2125; x_wconf 73' lang='lat' dir='ltr'>decretus.</span> <span class='ocrx_word' id='word_1_188' title='bbox 726 2078 947 2123; x_wconf 84' lang='lat' dir='ltr'>Triduum</span> <span class='ocrx_word' id='word_1_189' title='bbox 982 2074 1290 2136; x_wconf 85' lang='lat' dir='ltr'>triumphavit.</span> <span class='ocrx_word' id='word_1_190' title='bbox 1323 2071 1393 2119; x_wconf 86' lang='lat' dir='ltr'>die</span> <span class='ocrx_word' id='word_1_191' title='bbox 1422 2070 1516 2134; x_wconf 81' lang='lat' dir='ltr'>pri-</span> 
     </span>
     <span class='ocr_line' id='line_1_28' title="bbox 236 2143 1516 2213; baseline -0.009 -13"><span class='ocrx_word' id='word_1_192' title='bbox 236 2170 314 2200; x_wconf 83' lang='lat' dir='ltr'>mo</span> <span class='ocrx_word' id='word_1_193' title='bbox 343 2169 485 2208; x_wconf 87' lang='lat' dir='ltr'>arma,</span> <span class='ocrx_word' id='word_1_194' title='bbox 515 2151 628 2202; x_wconf 82' lang='lat' dir='ltr'>tela.</span> <span class='ocrx_word' id='word_1_195' title='bbox 650 2150 857 2213; x_wconf 75' lang='lat' dir='ltr'>signaque</span> <span class='ocrx_word' id='word_1_196' title='bbox 886 2164 996 2194; x_wconf 80' lang='lat' dir='ltr'>aerea</span> <span class='ocrx_word' id='word_1_197' title='bbox 1027 2149 1076 2195; x_wconf 85' lang='lat'>&amp;</span> <span class='ocrx_word' id='word_1_198' title='bbox 1097 2160 1346 2192; x_wconf 87' lang='lat' dir='ltr'>marmorea</span> <span class='ocrx_word' id='word_1_199' title='bbox 1375 2143 1516 2190; x_wconf 78' lang='lat' dir='ltr'>trans·</span> 
     </span>
     <span class='ocr_line' id='line_1_29' title="bbox 235 2215 1514 2287; baseline -0.009 -16"><span class='ocrx_word' id='word_1_200' title='bbox 235 2226 363 2282; x_wconf 74' lang='lat' dir='ltr'>tulit,</span> <span class='ocrx_word' id='word_1_201' title='bbox 385 2224 511 2287; x_wconf 82' lang='lat' dir='ltr'>plura</span> <span class='ocrx_word' id='word_1_202' title='bbox 536 2224 744 2286; x_wconf 73' lang='lat' dir='ltr'>Philippo</span> <span class='ocrx_word' id='word_1_203' title='bbox 771 2222 964 2277; x_wconf 82' lang='lat' dir='ltr'>ademta,</span> <span class='ocrx_word' id='word_1_204' title='bbox 988 2236 1122 2283; x_wconf 88' lang='lat' dir='ltr'>quam</span> <span class='ocrx_word' id='word_1_205' title='bbox 1141 2235 1243 2281; x_wconf 86' lang='lat' dir='ltr'>quae</span> <span class='ocrx_word' id='word_1_206' title='bbox 1271 2233 1326 2263; x_wconf 78' lang='lat' dir='ltr'>ex</span> <span class='ocrx_word' id='word_1_207' title='bbox 1352 2215 1514 2263; x_wconf 80' lang='lat' dir='ltr'>civita-</span> 
     </span>
     <span class='ocr_line' id='line_1_30' title="bbox 237 2292 1515 2358; baseline -0.009 -17"><span class='ocrx_word' id='word_1_208' title='bbox 237 2297 355 2341; x_wconf 78' lang='lat' dir='ltr'>tibus</span> <span class='ocrx_word' id='word_1_209' title='bbox 388 2306 595 2358; x_wconf 81' lang='lat' dir='ltr'>ceperat:</span> <span class='ocrx_word' id='word_1_210' title='bbox 630 2293 824 2339; x_wconf 79' lang='lat' dir='ltr'>secundo</span> <span class='ocrx_word' id='word_1_211' title='bbox 865 2292 932 2337; x_wconf 84' lang='lat' dir='ltr'>die</span> <span class='ocrx_word' id='word_1_212' title='bbox 970 2307 1124 2336; x_wconf 83' lang='lat' dir='ltr'>aurum</span> <span class='ocrx_word' id='word_1_213' title='bbox 1163 2300 1515 2352; x_wconf 77' lang='lat' dir='ltr'>argentumque,</span> 
     </span>
     <span class='ocr_line' id='line_1_31' title="bbox 239 2358 1515 2428; baseline -0.006 -15"><span class='ocrx_word' id='word_1_214' title='bbox 239 2368 399 2414; x_wconf 52' lang='lat' dir='ltr'>fabium</span> <span class='ocrx_word' id='word_1_215' title='bbox 420 2366 721 2428; x_wconf 56' lang='lat' dir='ltr'>infeeiumque</span> <span class='ocrx_word' id='word_1_216' title='bbox 739 2368 786 2412; x_wconf 84' lang='lat'>&amp;</span> <span class='ocrx_word' id='word_1_217' title='bbox 807 2365 1038 2428; x_wconf 71' lang='lat' dir='ltr'>signatum.</span> <span class='ocrx_word' id='word_1_218' title='bbox 1072 2361 1224 2409; x_wconf 68' lang='lat' dir='ltr'>Infeffi</span> <span class='ocrx_word' id='word_1_219' title='bbox 1243 2359 1412 2424; x_wconf 82' lang='lat' dir='ltr'>argenti</span> <span class='ocrx_word' id='word_1_220' title='bbox 1430 2358 1515 2405; x_wconf 81' lang='lat' dir='ltr'>fuit</span> 
     </span>
     <span class='ocr_line' id='line_1_32' title="bbox 237 2431 1515 2501; baseline -0.009 -13"><span class='ocrx_word' id='word_1_221' title='bbox 237 2441 389 2488; x_wconf 81' lang='lat' dir='ltr'>decem</span> <span class='ocrx_word' id='word_1_222' title='bbox 411 2441 459 2487; x_wconf 61' lang='grc' dir='ltr'>ὅ(</span> <span class='ocrx_word' id='word_1_223' title='bbox 482 2440 588 2486; x_wconf 58' lang='lat' dir='ltr'>ocio</span> <span class='ocrx_word' id='word_1_224' title='bbox 607 2438 743 2485; x_wconf 88' lang='lat' dir='ltr'>millia</span> <span class='ocrx_word' id='word_1_225' title='bbox 761 2437 918 2501; x_wconf 87' lang='lat' dir='ltr'>pondo</span> <span class='ocrx_word' id='word_1_226' title='bbox 934 2472 946 2495; x_wconf 91' lang='lat'><em>,</em></span> <span class='ocrx_word' id='word_1_227' title='bbox 967 2437 1016 2484; x_wconf 61' lang='grc' dir='ltr'>δέ</span> <span class='ocrx_word' id='word_1_228' title='bbox 1036 2436 1226 2483; x_wconf 83' lang='lat' dir='ltr'>ducenta</span> <span class='ocrx_word' id='word_1_229' title='bbox 1243 2431 1515 2495; x_wconf 82' lang='lat' dir='ltr'>septuaginta</span> 
     </span>
    </p>
   </div>
  </div>
 </body>
</html>
