1592 2724
185 146 276 196 302
549 126 1109 189 T1T11L1v11

246 239 421 286 XXVI.
451 238 499 283 In
521 237 668 283 Gallia
695 236 804 283 nihil
835 237 935 284 sane
963 236 1255 285 memorabile
1286 237 1341 284 ab
1359 237 1468 285 Sex}

182 311 304 360 AElio
337 308 522 357 consule
546 307 727 371 gestum.
760 325 862 355 cum
885 308 996 354 duos
1028 310 1250 356 exercitus
1283 310 1327 356 in
1350 326 1462 372 proa

179 383 337 432 vincia
376 380 623 438 habuifl'et‚
660 398 798 427 unum
833 393 1083 440 retentum,
1124 399 1255 445 quem
1296 382 1463 430 dimitti

180 457 456 522 oportebat,
485 455 556 503 cui
579 457 626 501 L.
657 454 898 501 Cornelius
922 455 1166 518 proconsul
1194 455 1463 517 praefuerat,

178 530 305 594 (ipse
326 531 366 576 ei
393 531 444 576 C.
471 528 684 573 Helvium
713 539 951 589 praetorem
988 527 1216 591 praefecit)
1244 528 1462 586 alterum,

174 620 313 665 quem
336 602 379 646 in
403 598 689 662 provinciam
715 599 924 656 adduxit3
955 614 1100 647 totum
1132 617 1274 663 prope
1295 617 1464 647 annum

178 673 556 723 Cremonensibus
591 672 942 736 Placentinisque
983 676 1196 739 cogendis
1235 676 1379 722 redire
1414 675 1462 721 in

179 747 415 803 colonias,
448 745 568 791 unde
593 745 698 791 belli
734 745 903 792 casibus
940 748 1126 810 diffipati
1157 762 1308 809 erant,
1344 766 1464 797 con-

177 823 340 873 sumsit.
374 821 770 882 Quemadmodum
795 821 941 867 Gallia
975 839 1135 884 praeter
1160 824 1278 887 spem
1314 826 1462 889 quieta

180 913 239 944 eo
273 911 394 942 anno
428 893 539 950 fuit,
572 893 633 940 ita
669 894 786 940 circa
818 894 973 940 urbem
1007 895 1180 942 servilis
1213 914 1355 959 prope
1390 909 1462 943 tu-

180 967 349 1015 multus
370 966 590 1012 excitatus
611 964 683 1012 est.
713 964 900 1011 Obsides
923 966 1360 1030 Carthaginiensium
1381 970 1463 1014 Se-

178 1042 254 1090 tiae
285 1041 662 1088 custodiebantur.
694 1056 793 1086 cum
824 1039 902 1098 iis,
931 1052 979 1086 ut
1007 1040 1257 1103 principum
1287 1042 1464 1100 liberis,

179 1130 338 1176 magna
369 1112 435 1159 vis
467 1111 702 1158 servorum
733 1123 838 1157 erat.
886 1112 1075 1173 augebat
1107 1128 1265 1158 eorum
1302 1130 1462 1159 nume-

177 1204 310 1245 rum,
336 1199 384 1233 ut
413 1186 468 1232 ab
490 1184 658 1231 recenti
689 1184 846 1231 Africo
875 1184 1021 1243 beno,
1054 1185 1103 1231 &
1133 1185 1188 1231 ab
1218 1186 1318 1248 ipsis
1345 1186 1463 1233 Seti-

178 1259 248 1307 nis
283 1260 461 1322 captiva
495 1257 669 1322 aliquot
711 1257 907 1303 nationis
943 1256 1035 1317 ejus
1069 1275 1123 1304 ex
1161 1261 1308 1320 praeda
1344 1273 1462 1307 emta

177 1332 414 1395 mancipia.
446 1333 560 1378 Cum
590 1328 954 1390 conjurationem
984 1330 1210 1387 feciffent‚
1238 1333 1370 1380 miffis
1404 1350 1462 1380 ex

179 1424 236 1454 eo
264 1422 475 1460 numero,
500 1405 578 1469 qui
600 1405 645 1450 in
666 1404 820 1451 Setino
848 1422 957 1468 agro
973 1441 986 1462 ,
1004 1406 1163 1452 deinde
1195 1408 1312 1454 circa
1335 1410 1461 1454 Nor-

179 1482 278 1530 bam
318 1484 366 1529 &
402 1479 607 1542 Circejos
630 1517 641 1537 ‚
673 1480 848 1528 servitia
881 1481 1201 1538 sollicitarent3
1238 1485 1337 1530 satis
1372 1485 1463 1546 jam

178 1556 392 1603 omnibus
425 1555 710 1618 praeparatis,
748 1556 889 1613 ludis,
924 1557 1002 1619 qui
1033 1558 1162 1603 Setiae
1199 1560 1462 1621 propediem

180 1628 319 1675 futuri
350 1641 502 1687 erant,
536 1628 787 1691 spec‘taculo
811 1628 1031 1675 intentum
1063 1630 1280 1692 populum
1303 1649 1461 1695 aggre-

179 1702 225 1748 di
257 1702 523 1748 statuerant:
553 1701 666 1748 Setia
701 1718 778 1763 per
808 1702 971 1748 caedem
1000 1705 1047 1749 ὅ(
1079 1704 1363 1764 repentinum
1390 1717 1460 1752 tu-

177 1774 368 1822 multum
391 1789 516 1836 capta
531 1811 544 1832 ‚
573 1774 773 1821 Norbam
796 1777 843 1822 δέ
866 1773 1071 1835 Circeios
1094 1792 1332 1837 occupare.
1359 1779 1461 1822 Hu-

178 1845 250 1907 jus
279 1846 344 1892 rei
370 1858 459 1892 tam
495 1845 629 1893 foedae
661 1846 878 1893 indicium
914 1849 1103 1892 Romam
1132 1847 1186 1891 ad
1218 1851 1262 1893 L.
1283 1848 1462 1894 Corne·-

180 1920 290 1969 lium
325 1920 541 1966 Merulam
577 1932 816 1983 praetorem
852 1920 974 1967 urbis
1000 1921 1191 1966 delatum
1226 1919 1298 1966 est.
1333 1922 1461 1969 Servi

180 1993 273 2039 duo
304 2005 405 2039 ante
437 1993 580 2038 lucem
615 1994 669 2039 ad
699 2010 799 2039 eum
831 2004 1053 2039 venerunt
1073 2028 1087 2049 ,
1126 2004 1262 2056 atque
1300 1993 1461 2040 ordine

181 2065 366 2123 onmia,
405 2082 506 2127 quae
541 2066 634 2111 aEta
670 2065 905 2127 futuraque
945 2078 1102 2122 erant,
1140 2065 1459 2127 exposuerunt.

180 2141 359 2201 Quibus
393 2140 516 2186 domi
542 2140 756 2186 custodiri
784 2140 932 2201 justis,
968 2153 1159 2202 praetor,
1191 2140 1341 2187 senatu
1372 2159 1458 2187 vo-

181 2225 286 2259 cato
316 2212 600 2275 edocioque,
632 2230 730 2276 quae
761 2213 931 2259 indices
965 2214 1203 2272 afferrent,
1236 2213 1458 2277 proficisci

179 2285 235 2331 ad
256 2302 352 2331 eam
370 2284 729 2345 conjurationem
749 2287 1035 2348 quaerendam
1049 2300 1181 2349 atque
1199 2287 1459 2350 opprimen-

180 2358 280 2403 dam
307 2357 439 2419 juffus
454 2394 468 2416 ‚
491 2375 592 2405 cum
613 2359 813 2423 quinque
834 2358 985 2422 legatis
1001 2359 1235 2420 profectus
1250 2396 1263 2418 ‚
1289 2359 1458 2405 obvios

182 2427 226 2474 in
256 2428 372 2493 agris
394 2428 670 2478 sacramento
704 2443 887 2494 rogatos
916 2448 1037 2478 arma
1067 2447 1224 2495 capere
1259 2431 1309 2478 &
1336 2429 1458 2493 sequi
