1592 2724
159 177 249 224 154
514 158 1070 207 T1T1L1vlt

152 262 395 311 secundum
425 264 631 312 ordinem
663 264 847 313 navium
878 264 1064 327 spatium
1086 262 1437 327 propugnatori-

151 334 238 383 bus
258 335 407 383 datum
426 336 501 384 est.
521 339 605 383 Sex
631 336 768 384 ferme
795 336 1014 384 onerariae
1034 338 1260 398 puppibus
1278 335 1438 382 abstra-

152 411 236 458 ἃδε
253 412 574 476 Carthaginem
596 411 696 458 sunt
715 431 724 458 :
745 411 888 474 major
914 428 1047 474 quam
1069 426 1153 473 pro
1187 426 1233 455 re
1258 407 1407 454 laetitia
1422 444 1438 466 ,

154 486 230 534 sed
248 503 304 533 eo
325 487 519 551 gratior,
534 487 659 549 quod
677 487 792 533 inter
811 486 993 533 affiduas
1008 485 1154 533 clades
1171 501 1223 531 ac
1240 482 1441 530 lacrimas

156 577 298 607 unum
316 572 711 622 quantumcunque
726 576 781 606 ex
799 558 1023 621 insperato
1043 557 1249 620 gaudium
1269 553 1443 602 affulse-

156 643 247 688 rat3
271 649 375 678 cum
393 647 449 677 eo
467 667 480 689 ‚
506 643 553 677 ut
571 643 827 693 appareret,
844 630 961 676 haud
978 629 1140 693 procul
1157 628 1298 674 exitio
1319 625 1444 673 fuiffe

157 707 414 752 Romanam
441 704 643 762 classem,
669 703 716 750 ni
734 703 943 751 cessatum
969 720 993 749 a
1017 700 1236 765 praefectis
1266 698 1444 746 suarum

158 777 346 825 navium
370 776 516 835 foret,
535 777 586 823 &
602 775 751 837 Scipio
776 775 823 822 in
843 788 1047 837 tempore
1066 770 1349 820 subveniffet.

226 853 305 899 XI.
339 854 422 898 Per
447 851 627 898 eosdem
651 849 768 897 forte
799 850 890 896 dies
909 884 922 906 ,
952 866 1054 896 cum
1086 847 1248 903 Laelius
1276 848 1326 893 ὅ(
1345 846 1447 891 Ma-

160 923 307 970 finiffa
332 922 679 986 quintodecimo
716 921 855 968 ferme
880 921 951 968 die
981 921 1026 967 in
1053 919 1312 966 Numidiam
1344 934 1448 980 per-

162 996 387 1043 venifi‘ent
407 1032 420 1054 ‚
451 993 663 1058 Massyli,
699 1010 886 1057 regnum
917 1005 1151 1055 paternum
1171 989 1417 1037 “Masinissae
1434 1024 1449 1047 ,

163 1068 256 1116 laeti
285 1080 335 1116 ut
362 1069 418 1116 ad
444 1084 595 1133 regem
627 1067 705 1114 diu
739 1065 1032 1113 defideratum
1052 1063 1321 1113 concessere.
1361 1062 1453 1125 Sy-

164 1142 285 1205 phax
303 1178 317 1201 ‚
350 1141 482 1205 pulsis
517 1141 621 1187 inde
650 1137 868 1203 praefeffis
896 1136 1197 1201 praesidiisque
1226 1134 1341 1193 suis,
1369 1149 1453 1180 ve-

163 1224 258 1260 tere
276 1215 318 1261 se
338 1214 603 1262 continebat
621 1228 763 1276 regno
776 1247 790 1271 ‚
808 1211 1072 1274 neutiquam
1090 1210 1338 1274 quieturus.
1367 1205 1452 1253 Sti-

164 1287 397 1335 mulabant
427 1303 598 1351 aegrum
621 1301 776 1332 amore
799 1300 919 1331 uxor
943 1283 1188 1347 socerque:
1223 1283 1274 1329 &
1299 1281 1358 1327 ita
1378 1278 1454 1327 vi-

166 1359 228 1406 ris
262 1359 473 1423 equisque
508 1359 795 1414 abundabat,
835 1368 885 1404 ut
913 1355 1119 1419 subjectae
1152 1353 1300 1402 oculis
1327 1351 1456 1415 regni

167 1450 249 1496 per
279 1434 450 1481 multos
475 1432 680 1493 florentis
710 1447 853 1478 annos
885 1431 1004 1478 vires
1025 1431 1157 1477 etiam
1181 1428 1328 1478 minus
1353 1427 1457 1474 bar-

168 1507 282 1553 baro
311 1519 446 1570 atque
472 1504 715 1568 impotenti
744 1503 899 1551 animo
930 1503 1110 1566 spiritus
1138 1501 1314 1564 poffent
1341 1500 1458 1548 face-

168 1597 232 1629 re.
262 1580 405 1645 Igitur¹
432 1581 642 1629 omnibus
658 1616 671 1638 ‚
692 1578 770 1644 qui
800 1578 922 1625 bello
944 1578 1035 1641 apti
1059 1588 1218 1634 erant,
1247 1576 1293 1622 in
1316 1592 1458 1621 unum

170 1653 336 1701 coactis
369 1669 543 1717 equos,
571 1670 717 1708 arma,
756 1651 843 1698 tela
868 1650 1047 1699 dividit.
1083 1649 1256 1715 equites
1288 1648 1336 1695 in
1360 1660 1460 1695 tur-

172 1743 291 1786 maS‚
321 1729 492 1790 pedites
522 1727 571 1773 in
602 1726 842 1784 cohortes,
876 1724 987 1773 ficut
1013 1724 1248 1788 quondam
1279 1724 1334 1770 ab
1359 1723 1461 1769 Ro-

173 1798 317 1845 manis
338 1797 682 1846 centurionibus
706 1795 947 1854 didicerat,
972 1795 1210 1842 distribuit.
1247 1792 1461 1839 Exercitu

173 1870 295 1918 haud
320 1871 523 1931 minore,
543 1889 678 1936 quam
701 1886 833 1934 quem
853 1869 976 1932 prius
996 1869 1212 1915 habuerat
1226 1903 1242 1924 ‚
1263 1878 1462 1914 ceterum

175 1942 305 1990 omni
320 1960 463 2007 prope
479 1960 610 1992 novo
627 1955 759 2006 atque
774 1940 1010 1989 incondito
1025 1976 1038 1996 ,
1053 1939 1117 1985 ire
1135 1939 1190 1986 ad
1209 1937 1358 1984 hostes
1373 1953 1464 2000 per-

177 2016 256 2082 git.
283 2019 364 2075 Et,
400 2017 549 2065 castris
579 2017 627 2063 in
656 2015 921 2078 propinquo
943 2012 1097 2075 pofitis
1118 2048 1132 2070 ‚
1159 2010 1309 2072 primo
1330 2009 1465 2073 pauci

178 2091 350 2153 equites
380 2107 435 2136 ex
463 2103 566 2137 tuto
598 2089 872 2152 speculantes
900 2085 956 2132 ab
986 2085 1253 2132 stationibus
1279 2099 1464 2146 progre-

181 2165 256 2212 di:
293 2165 399 2211 inde
431 2164 588 2227 jaculis
618 2163 812 2211 submoti
847 2178 1075 2209 recurrere
1105 2161 1159 2207 ad
1193 2160 1326 2206 suos:
1359 2157 1464 2204 inde

183 2240 473 2286 excursiones
510 2239 707 2287 invicem
748 2235 875 2294 fieri,
907 2238 984 2295 &,
1017 2251 1120 2281 cum
1155 2231 1306 2296 pulsos
1345 2229 1464 2276 indi-

183 2313 338 2376 gnatio
369 2313 663 2370 accenderet,
690 2311 837 2373 plures
864 2308 1031 2355 subire:
1055 2307 1181 2371 quod
1211 2304 1466 2351 irritamen-

182 2396 280 2430 tum
310 2382 605 2432 certaminum
628 2381 900 2444 equestrium
928 2378 989 2425 est
1007 2414 1020 2436 ‚
1044 2395 1147 2426 cum
1175 2388 1249 2423 aut
1270 2373 1465 2421 vincen-

185 2460 307 2508 tibus
337 2458 464 2524 spes,
489 2470 565 2506 aut
594 2456 728 2523 pulsis
761 2457 824 2504 ira
854 2466 1060 2521 aggregat
1087 2452 1205 2501 suos.
1238 2453 1302 2497 lta
1326 2461 1421 2497 tum
1442 2465 1466 2495 a
