1592 2724
146 146 199 194 1-23
488 140 1057 188 T1T1L1V11

132 250 354 299 Romanis
382 249 437 296 ad
457 247 778 295 Hasdrubalem
801 246 878 293 sub
909 247 1155 293 adventum
1185 241 1279 308 dus
1305 248 1421 296 con-4

132 325 227 372 filia
253 323 482 388 agitassent
498 358 511 377 ‚
536 321 706 384 quique
729 337 832 366 eum
853 319 1063 379 auxiliis,
1095 331 1170 366 aut
1189 336 1421 368 commea-

133 410 213 454 tu,
246 410 320 443 aut
350 412 438 459 ope
468 394 613 458 aliqua
646 392 869 453 juvissent.
908 394 1017 438 Haec
1051 408 1108 438 eo
1143 408 1266 440 anno
1296 393 1423 441 domi

133 472 397 533 militiaeque
420 469 548 533 gesta.
584 468 694 514 Ludi
716 467 911 513 Romani
930 480 995 513 ter
1014 466 1101 512 toti
1121 465 1347 513 instaurati
1366 467 1423 514 ab

132 545 339 592 aeclilibus
356 543 608 600 curulibus,
625 541 918 588 Cn.Servilio
934 539 1181 602 Caepione,
1195 541 1284 587 Ser.
1304 542 1423 587 Cor-

133 619 260 665 nelio
284 616 490 663 Lentulo.
524 617 631 660 Item
661 614 756 660 ludi
789 613 952 676 plebeii
982 613 1115 659 semel
1141 612 1229 659 toti
1257 613 1424 660 instau-

132 692 217 737 rati
245 691 299 736 ab
318 688 519 735 aedilibus
544 686 686 750 plebis
705 723 718 742 .,
736 689 799 733 M.
823 685 1083 748 Pomponio
1100 685 1324 732 Mathone
1338 722 1353 742 ,
1373 686 1425 733 &

134 764 199 821 Q.
218 760 423 807 Mamilio
442 759 636 807 Turino.
659 757 1002 805 Tertiodecimo
1021 773 1141 804 anno
1155 757 1314 808 Punici
1333 757 1426 804 bel-

133 833 195 889 li,
227 837 271 879 L.
294 831 486 878 Veturio
512 831 701 877 Philone
729 831 778 877 δέ
798 831 859 889 Q.
879 828 1073 875 Caecilio
1095 828 1284 875 Metello
1311 845 1427 875 con-

133 905 306 952 sulibus
323 939 337 961 ,
373 902 534 949 Bruttii
558 902 809 959 ambobus,
840 914 890 948 ut
917 918 1019 948 cum
1049 900 1302 947 Hannibale
1327 901 1428 947 bel-

134 977 231 1023 lum
270 987 501 1041 gererent,
536 973 779 1036 provincia
798 973 990 1020 decreta.
1023 974 1241 1019 Praetores
1263 973 1428 1020 exinde

134 1047 283 1097 sortiti
303 1047 423 1094 sunt:
444 1048 508 1092 M.
527 1045 741 1093 Caecilius
759 1044 968 1090 Metellus
986 1044 1203 1089 urbanam
1215 1077 1229 1100 ‚
1247 1043 1309 1102 Q.
1329 1044 1430 1089 Ma-

134 1121 288 1170 milius
307 1119 586 1183 peregrinam
601 1154 615 1174 ‚
633 1119 690 1164 C.
716 1115 931 1163 Servilius
951 1114 1177 1173 Siciliam,
1194 1115 1269 1161 Ti.
1285 1114 1429 1161 Clau-

135 1193 238 1241 dius
256 1192 519 1240 Sardiniam.
561 1189 798 1237 Exercitus
831 1187 893 1233 ita
914 1186 1073 1234 divifi:
1106 1185 1344 1233 consulum
1362 1186 1429 1232 al-

137 1265 255 1325 teri,
284 1281 418 1328 quem
451 1265 506 1310 C.
537 1261 750 1309 Claudius
792 1260 958 1324 prioris
993 1258 1099 1305 anni
1139 1257 1326 1314 consul;
1360 1260 1430 1305 al·-

135 1341 256 1399 teri‚
287 1356 421 1404 quem
449 1340 511 1398 Q.
543 1335 757 1382 Claudius
794 1345 1050 1398 propraetor
1087 1331 1182 1397 (eae
1212 1331 1331 1378 binae
1360 1333 1429 1379 le-

136 1415 299 1480 giones
319 1410 471 1474 erant)
491 1409 705 1456 habuisset
731 1408 1011 1455 exercitum:
1047 1405 1094 1452 in
1126 1405 1299 1452 Etruria
1322 1405 1430 1455 duas

138 1487 369 1533 volonum
408 1483 607 1546 legiones
641 1499 665 1528 a
704 1483 759 1528 C.
789 1479 1008 1526 Tel-lento
1045 1489 1324 1540 propraetore
1366 1479 1432 1526 M.

139 1558 300 1606 Livius
328 1554 606 1619 proconsul,
636 1553 711 1600 cui
733 1563 1028 1615 prorogatum
1063 1551 1110 1596 in
1137 1560 1307 1596 annum
1343 1548 1432 1595 im-

138 1631 319 1695 perium
350 1639 465 1685 erat,
501 1627 738 1689 acciper.et
775 1626 824 1671 &
861 1626 922 1683 Q.
955 1622 1191 1681 Mamilio,
1227 1633 1300 1680 ut,
1329 1623 1431 1669 col-

139 1705 252 1766 legae
282 1701 584 1763 jurisdiffione
620 1697 807 1756 tradita,
844 1697 1035 1743 Galliam
1074 1712 1177 1742 cum
1204 1694 1431 1753 exercitu,

140 1778 218 1826 cui
255 1780 304 1823 L.
337 1775 522 1822 Porcius
559 1785 817 1836 propraetor
858 1769 1130 1834 praefuerat,
1169 1769 1432 1828 obtineret,

137 1852 371 1898 decretum
394 1847 477 1894 est:
510 1845 732 1909 jufl'usque
760 1842 973 1907 populari
1005 1859 1134 1904 agros
1162 1841 1400 1887 Gallorum
1417 1877 1437 1899 Ἀ

137 1923 219 1985 qui
248 1923 303 1969 ad
332 1923 503 1967 Poenos
539 1917 619 1964 sub
646 1918 894 1964 adventurn
928 1914 1213 1960 Hasdrubalis
1245 1913 1433 1959 defecis-

137 1995 253 2043 sent.
278 1995 332 2042 C.
362 1992 557 2039 Servilio
586 2008 690 2038 cum
715 1989 1023 2037 Cannenfibus
1047 1988 1218 2034 duabus
1242 1987 1432 2050 legioni-

135 2068 222 2117 bus
238 2099 252 2124 ‚
280 2066 391 2113 ficut
411 2066 464 2111 C.
486 2063 715 2110 Mamilius
744 2074 945 2109 tenuerat
964 2097 977 2119 ‚
1003 2060 1151 2107 Sicilia
1172 2059 1338 2105 ruenda
1357 2059 1432 2105 da·

136 2158 204 2190 aa.
242 2144 311 2189 Ex
343 2141 542 2187 Sardinia
575 2152 706 2186 verus
743 2137 994 2193 exercitus,
1030 2134 1103 2182 cui
1137 2136 1190 2180 A.
1217 2132 1435 2179 Hostilius

142 2212 410 2278 praefuerat,
435 2213 708 2290 deportatus.
738 2226 909 2256 novam
931 2207 1182 2269 legionem,
1208 2221 1340 2268 quam
1357 2203 1432 2250 Ti.

140 2285 363 2333 Claudius
389 2284 612 2346 trajiceret
629 2284 805 2340 lecum,
829 2280 1035 2328 consules
1055 2275 1432 2338 conlcripserunt.

138 2360 210 2416 (9.
231 2356 457 2412 Claudio,
484 2369 534 2402 ut
560 2356 710 2401 Taren
713 2368 835 2410 tum,
858 2353 913 2399 C.
934 2350 1131 2397 Hostilio
1150 2347 1363 2403 Tubulo,
1383 2360 1434 2392 ut

145 2430 345 2492 Capuam
366 2428 664 2493 ‘provincxam
694 2426 906 2483 haberet,
942 2434 1237 2488 prorogatum
1265 2419 1314 2467 in
1349 2435 1433 2466 an-
