1592 2724
217 156 306 217 395
575 155 1136 202 T1T1L1V11

214 266 350 319 dato,
371 263 472 310 suos
489 262 643 326 spoliis
666 262 854 310 onustos
883 261 929 307 in
949 262 1088 309 castra
1108 259 1346 308 reduxisset
1360 297 1373 319 ,
1391 272 1503 323 ρεαδ

213 337 279 382 cis
308 336 434 382 horis
468 335 612 382 noctis
642 337 693 382 ac]
726 335 922 398 quietem
955 334 1096 390 datis,
1130 334 1183 380 ad
1211 333 1501 395 praedandum

212 408 261 455 in
292 425 423 471 agros
453 408 598 455 duxit.
635 407 821 454 Effufius
839 442 852 465 ‚
882 418 930 452 ut
952 405 1107 469 sparsis
1137 405 1340 453 hostibus
1369 405 1503 470 fuga,

212 481 401 545 praedati
436 481 548 529 sunt.
599 499 699 546 quae
740 497 809 527 res
848 496 943 527 non
979 480 1154 537 minus,
1186 496 1319 544 quam
1352 497 1505 543 pugna

212 555 357 618 pridie
389 555 573 604 adversa
590 591 603 613 ,
639 554 959 617 Emporitanos
986 554 1212 617 Hispanos
1236 553 1504 617 accolasque

213 644 373 675 corum
408 632 453 674 in
483 627 761 674 deditionem
795 626 1032 690 compulit.
1073 626 1202 674 multi
1233 628 1281 675 δε
1315 625 1504 674 aliarum

213 701 482 759 civitatum,
509 700 588 765 qui
619 700 856 764 Emporias
894 699 1206 764 perfugerant,
1238 701 1506 748 dediderunt

213 775 271 821 se.
308 791 424 839 quos
457 790 649 833 omnes,
679 773 930 837 appellatos
962 773 1180 837 benigne,
1217 775 1419 837 vinoque
1454 777 1505 822 &

213 847 321 894 cibo
348 860 559 904 curatos,
586 847 750 895 domos
770 846 947 894 dimisit.
971 845 1222 893 Confestim
1245 847 1347 892 inde
1369 845 1519 893 castra*

216 920 394 968 movit:
417 924 491 979 δέ,
514 937 787 984 quacunque
808 920 1043 968 incedebm
1070 937 1254 984 agmen,
1276 919 1407 982 legati
1429 919 1508 968 dez

212 991 416 1038 dentium
457 991 665 1039 civitates
699 991 796 1038 suas
828 992 1143 1038 occurrebant.
1178 993 1227 1038 &
1259 1008 1362 1037 cum
1394 991 1508 1036 Tar-

213 1081 429 1111 raconem
452 1062 601 1120 venit,
621 1061 708 1122 jam
731 1063 879 1111 omnis
901 1063 962 1110 cis
982 1063 1153 1109 Iberum
1175 1062 1386 1120 Hispania
1405 1078 1507 1124 per-

214 1136 388 1183 domita
419 1148 541 1195 erat,
571 1136 832 1199 captivique
852 1137 901 1183 &
922 1136 1148 1192 Romani,
1185 1137 1231 1181 ὅ(
1256 1134 1426 1181 socium
1456 1150 1508 1181 ac

205 1208 361 1255 ”Latini
386 1208 615 1265 nominis,
644 1208 783 1256 variis
817 1208 984 1255 casibus
1008 1210 1054 1255 in
1077 1208 1287 1271 Hispania
1320 1205 1509 1270 oppres-

215 1283 271 1338 si,
300 1282 473 1330 donum
505 1281 684 1329 consuli
713 1298 737 1327 a
773 1281 970 1328 barbaris
1001 1282 1344 1329 reducebantur.
1380 1284 1511 1328 Fama

215 1355 377 1403 deinde
414 1356 657 1419 vulgatur,
684 1354 914 1402 consulem
946 1355 993 1402 in
1024 1355 1345 1402 Turdetaniam
1381 1372 1512 1401 exer-

215 1429 355 1475 citum
378 1430 612 1476 duilurum
630 1465 642 1486 ‚
671 1430 720 1475 &
741 1429 796 1475 ad
815 1429 974 1478 devios
1001 1440 1245 1475 montanos
1279 1427 1511 1491 profectu-

216 1519 316 1548 rum
346 1502 480 1548 etiam
515 1501 626 1548 falso
656 1501 878 1564 perlatum
902 1501 977 1549 est.
1012 1503 1082 1548 Ad
1113 1502 1232 1548 hunc
1258 1518 1425 1549 vanum
1459 1501 1512 1548 &

216 1572 308 1619 fine
338 1573 521 1620 auclore
550 1572 647 1618 ullo
674 1589 903 1619 rumorem
920 1609 933 1630 ,
963 1572 1323 1635 Bergistanorum
1343 1571 1509 1618 civita-

216 1645 272 1692 tis
300 1644 467 1708 septem
495 1643 670 1691 castella
704 1643 977 1693 defecerunt.
1014 1660 1124 1701 eos,
1156 1644 1347 1691 deducto
1381 1661 1512 1693 exer-

216 1718 311 1765 citu
329 1753 343 1776 ‚
372 1717 530 1766 consul
553 1718 643 1765 fine
671 1719 973 1765 memorando
992 1717 1160 1780 proelio
1179 1718 1225 1764 in
1245 1718 1512 1781 potestatem

215 1792 403 1856 redegit.
440 1794 573 1841 Haud
597 1793 658 1839 ita
683 1793 831 1839 multo
861 1792 961 1856 post
990 1792 1156 1849 iidem,
1178 1792 1371 1855 regresso
1395 1793 1512 1839 Tar-

214 1881 432 1912 raconem
462 1865 676 1924 consule‚
707 1865 963 1929 priusquam
1001 1864 1105 1911 inde
1139 1881 1372 1928 quoquam
1399 1877 1514 1928 pro·'

216 1938 418 1996 cederet,
437 1938 715 1986 defecerunt.
744 1942 906 1985 Iterum
936 1938 1126 1984 subaffi:
1152 1936 1225 1984 sed
1243 1955 1338 1985 non
1358 1939 1513 1986 eadem

214 2011 353 2059 ‘venia
381 2012 512 2061 viffls
553 2012 653 2061 fuit.
693 2013 775 2060 sub
807 2029 981 2060 corona
1008 2010 1192 2060 veniere
1228 2030 1416 2072 omnes,
1454 2028 1512 2060 ne

220 2086 380 2149 saepius
408 2104 565 2150 pacem
590 2087 900 2134 sollicitarent.

285 2161 433 2207 XVII.
473 2159 657 2206 Interim
691 2161 735 2207 P.
757 2158 951 2205 Manlius
976 2168 1170 2220 praetor,
1203 2155 1404 2202 exercitu
1428 2170 1514 2202 ve-

219 2245 314 2280 tere
348 2251 373 2279 a
401 2234 463 2293 Q.
484 2232 723 2291 Minucio,
755 2232 826 2279 cui
858 2231 1144 2288 successerat,
1175 2241 1397 2291 accepto,
1433 2226 1515 2274 ad-'

220 2305 377 2368 juncto
407 2307 457 2353 δε
478 2306 564 2367 Ap.
588 2304 768 2351 Claudii
802 2304 1001 2350 Neronis
1032 2320 1088 2349 ex
1110 2300 1327 2348 ulteriore
1351 2297 1515 2360 Hispa·

222 2379 298 2426 nia
326 2390 479 2427 vetere
512 2380 619 2426 item
652 2378 855 2425 exercitu
875 2413 890 2436 ,
927 2378 975 2423 in
1010 2374 1336 2422 Turdetaniam
1367 2369 1512 2434 profi-

222 2451 420 2503 ciscitur.
439 2453 661 2503 Omnium
679 2451 986 2517 Hispanorum
1002 2449 1198 2499 maxime
1213 2444 1415 2497 imbelles
1431 2445 1516 2500 hat
