1592 2724
219 134 310 199 336
565 131 1133 179 T1T1L1V11

217 240 480 286 Cleonaeum
502 254 651 300 agrum
668 274 682 297 ,
708 236 1107 299 depopulabantur.
1136 234 1365 282 Postremo
1379 272 1392 293 ,
1414 245 1496 282 ex-⁴

218 313 485 375 probrantes
505 323 672 356 metum
693 310 808 355 hosti
823 346 835 367 ‚
850 311 895 356 in
911 309 1021 355 fines
1035 309 1358 373 Sicyoniorum
1377 326 1498 355 tran-

219 382 518 430 scendebant:
562 382 754 429 navibus
800 382 933 428 etiam
982 382 1274 428 circumveffi
1314 397 1496 427 omnem

219 474 347 505 oram
378 456 559 517 Achaiae
599 456 845 504 vastabant.
884 459 1002 503 Cum
1038 457 1082 502 id
1116 456 1292 501 effusius
1326 454 1496 511 hostes,

220 532 299 587 &‚
326 543 375 576 ut
407 528 455 574 fit
489 530 543 575 ab
570 528 705 573 nimia
733 526 920 585 fiducia,
952 528 1250 591 negligentius
1279 526 1411 573 etiam
1436 526 1500 572 sa·-

221 616 399 660 cerem,
427 601 735 658 Nicostratus,
762 600 881 662 spem
904 601 1051 646 naclus
1073 604 1395 663 necopinantes
1419 615 1497 645 eos

221 674 530 740 aggrediendi,
553 674 671 721 circa
701 673 913 721 finitimas
948 675 1151 721 civitates
1179 674 1386 721 nuntium
1419 690 1501 720 oc-

222 749 396 797 cultum
418 747 583 804 mittit,
610 763 705 810 quo
726 746 796 792 die
812 782 826 803 ‚
854 749 902 794 &
927 759 1068 809 quot,
1099 764 1154 793 ex
1191 765 1364 809 quaque
1385 746 1502 794 civi-

221 833 312 867 tate
352 820 508 867 armati
548 819 603 865 ad
638 818 912 880 Apelaurum
948 802 1270 882 (Sstymphaliae
1301 832 1429 865 terrae
1466 819 1501 863 is

222 893 352 941 locus
378 891 473 956 est)
494 890 809 939 convenirent.
846 890 1071 937 Omnibus
1098 892 1152 938 ad
1179 891 1295 937 diem
1315 892 1501 937 ediciam

224 966 415 1031 paratis,
449 964 673 1028 profecius
703 962 805 1009 inde
825 964 1053 1026 extemplo
1069 999 1081 1020 ,
1102 981 1179 1026 per
1206 963 1502 1009 Phliasiorum

223 1038 335 1083 fines
366 1038 498 1085 nocte
525 1037 752 1093 Cleonas,
785 1035 930 1081 insciis
961 1034 1172 1082 omnibus
1191 1070 1205 1091 ,
1240 1035 1347 1095 quid
1379 1051 1504 1095 para-

225 1119 324 1165 ret,
359 1104 582 1169 pervenit.
621 1107 757 1150 Erant
785 1115 930 1150 autem
961 1120 1061 1149 cum
1085 1119 1142 1149 eo
1179 1103 1375 1166 quinque
1400 1102 1504 1147 mil-

226 1182 287 1228 lia
310 1178 510 1243 peditum
526 1213 540 1235 ,
568 1193 625 1224 ex
648 1175 812 1239 quibus
832 1187 1066 1221 armaturae:
1084 1174 1197 1220 levis
1212 1210 1223 1232 ,
1246 1176 1297 1220 ὃς
1319 1173 1505 1220 trecenti

228 1254 426 1318 equites,
455 1269 557 1299 cum
582 1250 636 1296 iis
663 1249 808 1311 copiis
836 1248 1020 1305 dimisti,
1042 1248 1119 1311 qui
1149 1247 1505 1310 specularentur,

228 1345 363 1392 quam
390 1327 437 1373 in
467 1333 639 1389 partem
667 1321 814 1371 hostes
842 1321 1122 1370 effunderent
1155 1320 1270 1381 sese,
1299 1320 1507 1384 opperie-

229 1403 407 1449 bantur.

293 1475 401 1520 XV.
431 1469 790 1527 Androsthenes‚
819 1469 1021 1517 omnium
1050 1468 1255 1531 ignarus,
1278 1463 1508 1512 Corintho

231 1545 485 1609 profecius,
507 1543 561 1589 ad
594 1544 809 1590 Nemeam
845 1542 1016 1601 (amnis
1048 1540 1110 1585 est
1137 1538 1429 1585 Corinthium
1461 1537 1512 1581 &

230 1617 498 1682 Sicyonium
518 1616 775 1663 interfluens
796 1618 976 1679 agrum)
1004 1613 1141 1661 castra
1158 1614 1293 1658 locat.
1325 1609 1391 1656 lbi
1412 1624 1512 1671 par-

231 1704 277 1738 te
301 1689 722 1737 dimidiaexercitus
744 1687 935 1746 dimissa,
955 1685 1183 1734 dimidiam
1212 1682 1426 1730 trifariam
1448 1675 1513 1725 di-

233 1763 367 1821 visit,
398 1765 446 1810 &
478 1778 636 1809 omnes
669 1761 840 1825 equites
874 1759 1118 1806 discurrere
1148 1757 1203 1803 ad
1231 1752 1512 1816 depopulan-

234 1838 318 1884 dos
354 1836 481 1883 simul
514 1834 837 1880 Pellenenfium
872 1830 1230 1897 Sicyoniumque
1268 1842 1397 1889 agros
1418 1860 1430 1882 ,
1466 1826 1516 1871 &

235 1908 471 1954 Phliasium
490 1942 504 1961 ,
532 1905 670 1967 jubet.
709 1907 818 1953 Haec
846 1905 930 1951 tria
958 1901 1132 1950 diversa
1153 1899 1327 1963 agmina
1355 1896 1514 1943 disces-

236 1980 343 2028 sere.
380 1979 508 2041 quod
536 1979 614 2024 ubi
649 1976 846 2022 Cleonas
876 1976 930 2022 ad
961 1972 1266 2020 Nicostratum
1297 1968 1516 2031 perlatum

236 2053 323 2110 est,
341 2052 571 2113 extemplo
589 2050 784 2097 validam
804 2048 1184 2095 mercenariorum
1202 2059 1384 2090 manum
1403 2057 1519 2104 prae-

238 2125 407 2172 missam
432 2123 484 2169 ad
509 2121 826 2184 occupandum
863 2119 1017 2166 saltum
1038 2155 1051 2177 ‚
1089 2135 1166 2181 per
1193 2133 1327 2179 quem
1359 2113 1518 2160 transi-

238 2209 309 2244 tus
328 2197 374 2243 in
398 2194 688 2242 Corinthium
709 2193 769 2239 est
791 2209 943 2255 agrum
958 2229 971 2250 ‚
999 2204 1100 2238 ante
1123 2191 1240 2253 signa
1263 2187 1484 2251 equitibus
1502 2220 1518 2242 ,

240 2284 290 2318 ut
324 2270 736 2333 praegrederentur‚
755 2266 939 2324 locatiS,
965 2265 1053 2328 ipse
1078 2262 1312 2311 confestim
1343 2258 1518 2322 agmine

240 2343 413 2406 duplici
432 2341 642 2404 sequitur.
675 2342 801 2386 Parte
820 2356 907 2384 una
928 2336 1195 2383 mercenarii
1216 2333 1377 2380 milites
1397 2332 1520 2376 ibant

240 2435 346 2465 cum
380 2414 474 2465 levi
502 2426 746 2473 armatura,
774 2413 907 2460 altera
941 2409 1163 2473 clypeati,
1194 2406 1295 2453 dein
1331 2403 1519 2451 aliarum
