1592 2724
165 145 225 208 36
514 142 1086 192 TITILIVII

164 261 416 297 certaturos
442 249 624 313 profeffi
657 250 768 298 sunt.
810 250 976 298 Corbis
1006 249 1153 313 major
1183 264 1276 302 erat
1306 264 1447 301 aetate.

165 324 326 371 Orsuae
349 334 472 384 pater
496 322 704 384 princeps
725 322 935 385 proxime
960 323 1129 382 fuerat,
1153 341 1178 371 a
1196 324 1328 372 fratre
1348 344 1447 372 ma·-

163 396 264 461 jore
300 396 399 460 post
434 409 626 443 mortem
663 397 758 458 ejus
790 397 1043 460 principatu
1082 410 1286 461 accepto.
1328 401 1447 444 Cum

162 470 312 520 verbis
340 470 584 533 disceptare
612 470 767 533 Scipio
789 470 956 528 vellet,
978 487 1028 518 ac
1060 470 1206 518 sedare
1227 470 1338 527 iras;
1369 488 1448 517 ne-

163 555 317 607 gamm
343 542 390 587 id
415 543 548 589 ambo
577 542 725 590 dicere
747 544 1064 590 communibus
1096 545 1326 607 cognatis,
1363 561 1448 592 nec

162 617 300 664 alium
320 617 530 662 Deorum
553 616 880 673 hominumve,
905 635 1040 681 quam
1062 620 1251 664 Martem
1272 654 1286 676 ‚
1315 618 1356 664 se
1376 617 1450 679 ju-

163 691 311 738 dicem
345 690 577 737 habituros
606 692 700 738 effe.
738 693 925 738 Robore
951 690 1122 754 major,
1150 692 1303 739 minor
1333 693 1449 740 flore

163 761 306 808 aetatis
328 760 458 807 ferox
474 797 488 818 ,
509 772 701 807 mortem
730 762 777 808 in
808 763 1049 809 certamine
1067 799 1080 821 ‚
1115 781 1249 827 quam
1272 776 1319 810 ut
1339 765 1448 810 alter

160 835 343 882 alterius
363 834 554 898 imperio
574 834 887 898 subjiceretur,
905 848 1232 899 praeoptantes,
1253 855 1355 884 cum
1381 838 1447 884 di-

164 908 266 955 rimi
291 908 344 954 ab
373 919 494 954 tanta
523 908 644 955 rabie
672 909 934 972 nequirent,
960 909 1130 974 insigne
1148 909 1450 973 spe&aci1111m

163 979 385 1032 exercitui
407 980 637 1042 praebuere
661 981 1079 1045 documentumque
1096 1016 1109 1040 ,
1129 997 1346 1045 quantum
1370 1001 1448 1031 cu-

164 1054 327 1119 piditas
354 1052 529 1115 imperii
555 1053 722 1099 malum
755 1053 873 1100 inter
901 1054 1114 1102 mortales
1144 1054 1262 1102 effer.
1298 1055 1448 1118 Major

162 1126 243 1175 usu
280 1142 509 1172 armorum
536 1127 587 1174 &
615 1125 709 1172 astu
734 1126 862 1174 facile
891 1126 1074 1174 stolidas
1100 1127 1221 1174 vires
1254 1128 1447 1177 minoris

160 1200 407 1265 superavit.
441 1198 560 1246 Huic
588 1198 886 1262 gladiatorum
919 1198 1169 1262 spe&aculo
1195 1200 1288 1246 ludi
1315 1201 1448 1248 fune-

163 1277 263 1324 bres
297 1273 435 1322 additi
464 1267 549 1336 pro
582 1273 746 1337 copia,
783 1275 832 1322 &
857 1274 1134 1336 provinciali
1161 1275 1211 1322 &
1238 1273 1447 1322 castrensi

161 1360 392 1413 apparatu.

229 1423 378 1469 XXH.
408 1420 496 1466 Res
517 1417 698 1465 interim
728 1417 1026 1468 nihilominus
1058 1419 1114 1468 ab
1137 1419 1294 1484 legatis
1318 1437 1447 1486 gere-

162 1494 339 1543 bantur.
371 1492 592 1548 Marcius,
618 1491 826 1554 superato
841 1494 960 1540 Baete
989 1493 1136 1552 amni,
1154 1511 1288 1558 quem
1309 1495 1446 1542 inco-

163 1568 219 1615 lae
247 1566 422 1614 Certim
455 1563 708 1627 appellant,
736 1564 840 1611 duas
866 1567 1102 1628 opulentas
1125 1567 1330 1614 civitates
1353 1567 1447 1615 fine

160 1642 405 1692 certamine
426 1640 471 1686 in
499 1639 778 1686 deditionem
805 1641 984 1704 accipit.
1015 1641 1176 1703 Astapa
1204 1642 1310 1688 urbs
1329 1654 1445 1703 erat,

163 1712 596 1776 Carthaginiensium
626 1711 797 1775 semper
819 1714 982 1776 partis:
1014 1730 1158 1777 neque
1184 1713 1229 1759 id
1255 1725 1347 1760 tam
1373 1715 1445 1761 di-

161 1806 299 1855 gnum
321 1789 384 1834 ira
405 1799 519 1846 erat,
539 1803 672 1850 quam
697 1787 848 1850 quod,
870 1800 996 1834 extra
1017 1789 1289 1836 neceffitates
1310 1789 1443 1847 belli,

161 1863 442 1927 praecipuum
471 1862 518 1908 in
543 1862 778 1907 Romanos
805 1861 1020 1926 gerebant
1039 1863 1209 1909 odium.
1243 1879 1329 1910 nec
1362 1881 1443 1910 ur-

161 1938 263 1984 bem
293 1950 370 1984 aut
390 1938 472 1983 situ
491 1949 566 1983 aut
585 1935 870 1982 munimento
889 1948 1032 1983 tutam
1063 1937 1288 1984 habebant
1302 1974 1316 1997 ‚
1338 1956 1444 2002 quae

157 2009 409 2057 ferociores
441 2010 492 2055 iis
520 2009 696 2056 animos
731 2008 919 2057 faceret:
952 2009 1025 2056 sed
1057 2009 1235 2074 ingenia
1263 2010 1444 2059 incola-

160 2100 260 2130 rum
289 2082 532 2130 latrocinio
563 2082 688 2137 laeta,
720 2092 770 2127 ut
806 2081 1093 2129 excursiones
1126 2082 1172 2128 in
1201 2081 1443 2132 finitimum

158 2174 316 2220 agrum
339 2157 568 2204 sociorum
601 2156 760 2219 populi
783 2156 977 2202 Romani
1005 2156 1222 2215 facerent,
1246 2157 1443 2220 impule-

159 2243 286 2289 rant,
313 2233 362 2278 &
382 2247 522 2293 vagos
541 2230 704 2277 milites
721 2230 957 2276 Romanos
983 2229 1182 2293 lixasque
1204 2232 1253 2277 &
1269 2242 1444 2281 merca-1

159 2317 284 2352 tores
302 2304 573 2367 exciperent.
605 2320 819 2367 magnum
848 2303 982 2349 etiam
1013 2304 1303 2361 comitatum,
1334 2303 1441 2365 quia

116 2420 131 2437 ε
160 2374 314 2439 paucis
340 2392 497 2438 parum
523 2387 668 2421 turum
695 2374 862 2434 fuerat,
881 2373 1276 2438 transgredientem
1300 2372 1437 2432 fines,

155 2448 313 2513 positis
345 2447 511 2495 insidiis
537 2447 898 2497 circumventum
916 2482 933 2505 ,
964 2446 1124 2512 iniquo
1152 2445 1262 2494 loco
1295 2445 1438 2500 inter--⁴

1579 2707 1582 2715 ”
1578 2457 1592 2701 ’ΛᾷήτὟ-Ἷέἳεὲς
1579 2401 1592 2451 .ᾼ”
1579 2365 1580 2390 ‘⁴
