1592 2724
158 164 249 206 140

277 318 772 376 T1T1L1V11
832 285 1320 378 PATAerr

152 494 1435 586 HISTORIARUM

392 709 484 756 AB
539 709 749 756 URBE
792 708 1201 757 CONDITA

457 883 801 939 LIBIER
866 882 1120 941 xlix,

1130 1035 1428 1065 ——pnq

526 1148 1057 1206 ΕΙ)ΙΤ()Ν1Ε

399 1275 642 1318 LIBRI
697 1260 1191 1320 TRICEsrmr.

153 1397 199 1436 In
214 1395 343 1437 Africa
363 1393 493 1447 Scipio
519 1395 846 1447 Carthaginienses
869 1399 905 1438 δε
927 1399 1093 1438 eundem
1112 1398 1330 1450 Syphacem
1345 1400 1436 1440 Nu-

206 1460 399 1499 midarum
419 1472 547 1509 regem
572 1459 930 1510 Hasdrubalemque
955 1460 1132 1511 pluribus
1150 1462 1295 1512 proeliis
1317 1464 1435 1512 vicit,

206 1523 415 1571 adjuvante
432 1520 642 1569 Masinissa,
669 1522 832 1573 binaque
854 1522 1021 1563 hostium
1038 1525 1154 1564 castra
1175 1528 1432 1576 expugnavit:

195 1586 245 1624 in
269 1584 405 1635 quibus
425 1584 677 1635 quadraginta
694 1584 813 1624 millia
829 1584 1034 1625 hominum
1052 1587 1181 1625 ferro
1172 1589 1328 1638 ignique
1341 1601 1436 1628 con-

203 1647 330 1686 sumta
351 1646 448 1686 sunt.
474 1645 689 1697 Syphacem
704 1659 771 1697 per
785 1647 1003 1688 C.Lae1ium
1021 1650 1055 1688 Sc
1069 1648 1300 1689 Masinissam
1317 1650 1432 1701 cepit.

205 1707 397 1748 Nafiniffa
412 1707 693 1758 Sophonisbam
708 1739 720 1756 ,
733 1721 893 1748 uxorem
906 1709 1110 1760 Syphacis,
1125 1710 1245 1749 filiam
1261 1710 1437 1751 Hasdru-

206 1769 302 1808 balis
314 1801 326 1817 ‚
345 1779 496 1820 captam
512 1771 633 1809 statim
650 1771 868 1819 adamavit,
886 1773 946 1819 &,
964 1774 1107 1824 nuptiis
1122 1773 1252 1822 factis,
1268 1787 1432 1814 uxorem

206 1831 355 1872 habuit.
385 1833 584 1883 castigatus
602 1847 623 1872 a
639 1833 817 1884 Scipione
834 1848 1027 1875 venenum
1049 1836 1082 1874 ei
1098 1836 1198 1875 misit
1215 1850 1224 1876 ε
1242 1850 1316 1887 quo
1336 1836 1438 1876 hau-

203 1894 258 1934 sto
274 1893 337 1933 illa
357 1895 522 1933 deceffit.
543 1894 808 1945 Effectumque
824 1897 875 1935 est
890 1897 1020 1936 multis
1037 1897 1229 1948 Scipionis
1241 1899 1432 1948 victoriis,

204 1967 249 1997 ut
279 1957 627 2009 Carthaginienses,
652 1959 693 1997 in
727 1958 1032 2010 desperationem
1060 1962 1157 2010 acti,
1186 1961 1225 2000 in
1246 1961 1434 2002 auxilium

203 2018 368 2069 publica:
390 2019 518 2058 salutis
546 2019 804 2059 Hannibalem
834 2034 880 2059 ex
907 2020 1017 2060 Italia
1037 2030 1268 2061 revocarent.
1300 2022 1431 2074 isque,

204 2095 305 2121 anno
335 2082 596 2121 decimosexto
625 2083 734 2122 Italia
761 2083 973 2131 decedens,
1003 2084 1043 2122 in
1065 2084 1233 2125 AfriCam
1257 2087 1432 2134 traJ‘ecit,

205 2146 444 2195 tentavitque
465 2158 532 2195 per
552 2145 788 2195 colloquium
804 2160 939 2197 pacem
961 2159 1051 2187 cum
1071 2148 1251 2199 Scipione
1265 2160 1434 2199 compo-

206 2220 321 2247 nere:
348 2209 409 2255 ἃ,
439 2219 528 2246 cum
555 2207 602 2246 de
627 2208 917 2248 conditionibus
940 2211 1044 2260 pacis
1071 2223 1149 2250 non
1175 2210 1431 2260 convenisset,

205 2270 288 2309 acie
304 2269 430 2308 vitius
451 2269 512 2308 est.
539 2269 610 2309 Pax
632 2270 1001 2321 Carthaginiensibus
1024 2273 1112 2312 data
1134 2273 1185 2312 est
1199 2272 1431 2324 petentibus.

208 2330 406 2372 Hannibal
429 2330 630 2382 Gisgonem
645 2363 656 2381 ‚
674 2346 811 2383 pacem
834 2333 1108 2374 dissuadentem
1123 2365 1133 2383 ,
1150 2347 1263 2374 manu
1280 2333 1343 2373 sua
1362 2335 1434 2374 de-

205 2395 344 2439 traxit:
362 2393 539 2434 excusata
553 2395 693 2434 deinde
709 2398 919 2435 temeritate
939 2396 1028 2437 fasti
1041 2429 1053 2447 ,
1068 2398 1147 2449 ipse
1162 2409 1296 2448 pacem
1310 2396 1432 2440 suafit,

206 2455 349 2509 Mago,
373 2457 438 2509 qui
465 2455 566 2499 bello
592 2458 634 2498 in
655 2470 744 2511 agro
768 2457 984 2500 Insubrium
1005 2472 1097 2500 cum
1123 2458 1305 2501 Romanis
1332 2470 1432 2498 con·
