1592 2724
300 150 848 198 H1STon1ARUM
882 153 1221 200 LIB.XXX1.
1314 171 1408 217 247

123 258 170 307 lo
200 257 300 321 plus
320 257 539 305 ducentos
564 258 708 321 paffus
727 275 750 303 a
775 257 925 305 castris
944 259 1162 306 Romanis
1182 261 1410 312 tumidum

125 330 434 393 propinquum
469 331 649 376 Athaco
684 329 797 375 foffa
828 346 879 375 ac
917 330 1040 376 vallo
1075 334 1413 381 communivitt

124 420 199 459 ae,
223 402 413 463 subjeCia
434 419 619 449 cernens
647 403 852 448 Romana
878 402 1039 460 castra,
1064 404 1302 451 admiratus
1326 407 1412 453 esse

125 477 288 523 dicitur
315 479 365 524 &
386 474 639 523 universam
666 475 857 537 speciem
880 474 1123 521 castrorum
1139 510 1153 531 ,
1175 477 1225 523 &
1243 477 1410 524 descri-

126 561 200 612 pta
225 549 310 595 suis
336 565 521 613 quaeque
545 548 769 610 partibus,
788 563 883 594 tum
903 546 1180 593 tendentium
1215 549 1376 595 ordine
1393 587 1408 605 ‚

124 636 219 669 tum
240 623 447 668 itinerum
468 622 740 677 intervalli53
762 624 810 668 Sc
833 619 1025 684 negasse,
1048 620 1339 668 barbarorum
1359 640 1407 669 ea

124 694 262 742 castra
286 693 367 740 ulli
389 692 533 740 videri
545 693 687 755 posse.
712 693 904 738 Biduum
925 690 1084 738 consul
1104 693 1153 738 ὅ(
1176 709 1253 738 rex
1268 730 1281 749 ,
1297 694 1406 741 alter

122 766 301 813 alterius
322 779 505 812 conatus
533 763 857 826 exspeftantes,
883 764 1151 810 continuere
1172 764 1270 811 suos
1289 767 1404 814 intra

122 841 291 887 vallum
310 858 321 886 :
343 840 475 886 tertio
501 839 572 886 die
592 841 823 886 Romanus
847 855 1004 885 omnes
1022 839 1177 901 copias
1196 839 1241 884 in
1261 840 1404 887 aciem

120 911 288 960 eduxit.

183 986 384 1033 XXXV.
413 985 511 1031 Rex
532 1001 677 1040 vero,
707 996 796 1029 tarn
820 984 1007 1030 ceteram
1039 983 1174 1029 aleam
1202 986 1400 1034 universi

120 1056 375 1104 certaminis
394 1056 580 1111 timens,
608 1056 956 1119 quadringentos
984 1056 1156 1121 Tralles
1183 1058 1402 1122 (Illyrio-

120 1147 216 1175 rum
245 1128 288 1175 id
303 1164 316 1186 ,
338 1128 447 1175 ficut
474 1129 564 1174 alio
586 1128 777 1174 diximus
798 1128 931 1185 loco,
959 1127 1020 1174 est
1039 1133 1206 1191 genu-s)
1226 1132 1274 1178 ὅ(
1291 1133 1399 1177 Cre-

120 1203 261 1250 tenses
281 1215 532 1259 trecentos,
562 1202 716 1248 addito
746 1202 797 1247 iis
827 1203 1048 1264 peditibus
1077 1204 1172 1265 pari
1207 1222 1399 1262 numero

119 1277 317 1339 equitum
336 1312 348 1333 ‚
373 1292 490 1323 eumz
505 1277 615 1323 duce
640 1277 950 1339 Athenagora,
972 1291 1069 1323 uno
1096 1294 1152 1323 ex
1179 1296 1400 1341 purpura-

116 1350 173 1397 tis
192 1385 206 1408 ,
237 1351 290 1396 ad
317 1350 586 1398 lacessendos
615 1350 806 1396 hostium
839 1349 1010 1412 equites
1043 1350 1171 1396 misit.
1210 1353 1279 1399 Ab
1301 1354 1395 1398 Ro-

116 1423 262 1470 manis
287 1435 433 1469 autem
464 1422 643 1487 (aberat
668 1423 782 1470 acies
807 1439 964 1468 eorum
983 1423 1117 1484 paulo
1147 1424 1244 1485 plus
1265 1425 1395 1488 quin-

115 1509 275 1558 gentos
312 1495 482 1558 passus)
517 1495 675 1542 velites
704 1497 754 1543 &
780 1495 981 1559 equitum
1014 1496 1112 1542 dua:
1144 1496 1281 1543 ferme
1314 1499 1395 1545 alae

115 1566 298 1612 emiss'ae:
330 1579 380 1612 ut
401 1584 588 1614 nurnero
618 1584 803 1631 quoque
825 1584 959 1631 eques
981 1568 1198 1633 pedesque
1223 1571 1392 1618 hostem

115 1634 633 1702 aequarentsCredidere
666 1640 800 1703 regii,
836 1657 974 1701 genus
995 1658 1183 1704 pugnae,
1213 1659 1306 1706 quo
1326 1643 1393 1689 as-

114 1710 316 1769 suerant,
348 1712 475 1767 fore;
504 1725 552 1759 ut
572 1713 772 1777 equites,
802 1713 1000 1760 invicem
1021 1714 1302 1779 insequentes
1322 1734 1393 1763 re·-

115 1783 440 1848 fugientesque,
476 1803 596 1833 nunc
615 1787 713 1832 telis
742 1798 997 1844 uterentur,
1025 1805 1144 1834 nunc
1167 1801 1288 1851 terga
1310 1789 1390 1836 da-

112 1869 242 1912 rent;
277 1857 537 1921 Illyriorum
569 1859 788 1905 velocitas
825 1860 879 1905 ad
912 1860 1195 1907 excursiones
1228 1864 1276 1908 &
1304 1862 1389 1909 im-

112 1938 238 1987 petus
268 1927 436 1974 subitos
469 1929 564 1975 usui
596 1930 727 1987 esset,
758 1931 989 1978 Cretenses
1022 1932 1066 1978 in
1098 1933 1388 1983 invehentem

109 1998 151 2045 se
170 2000 299 2046 effuse
320 2001 492 2048 hostem
514 2002 685 2066 sagittas
701 2003 992 2065 conjicerent.
1018 2005 1244 2052 Turbavit
1265 2007 1387 2054 hunc

110 2074 316 2122 o‘rdinem
345 2079 573 2139 pugnandi
598 2096 692 2125 non
711 2080 888 2140 acrior,
918 2098 1053 2143 quam
1084 2081 1387 2144 pertinacior,

108 2147 298 2209 impetus
334 2151 661 2199 Romanorum.
701 2170 803 2200 nam
841 2154 958 2200 haud
992 2153 1140 2209 secus,
1181 2173 1312 2217 quam
1351 2156 1381 2201 fi

108 2230 203 2265 tota
236 2220 329 2266 acie
360 2222 649 2280 dimicarent,
671 2226 720 2272 &
743 2226 926 2284 velites,
945 2226 1102 2272 emistis
1123 2227 1173 2271 h
1167 2227 1275 2282 stis,
1297 2243 1383 2272 co-

106 2289 251 2338 minus
285 2292 438 2356 gladiis
468 2312 561 2342 rem
595 2260 831 2358 gerebant,
865 2301 914 2346 &
942 2299 1140 2362 equites,
1171 2313 1220 2345 ut
1249 2299 1382 2346 semel

106 2361 154 2409 in
175 2364 346 2412 hostem
379 2369 518 2416 eveffi
547 2368 676 2425 sunt,
711 2369 923 2417 stantibus
953 2371 1110 2434 equis,
1143 2370 1301 2432 partim
1325 2388 1381 2417 ex

105 2431 206 2496 ipsis
222 2438 370 2501 equis,
398 2440 557 2502 partim
577 2441 823 2490 desilientes
839 2442 1217 2505 immiscentesque
1238 2442 1277 2489 se
1298 2460 1380 2506 pe-

1018 2519 1066 2578 s)
1099 2535 1129 2577 4
