1592 2724
305 183 853 232 HISTORIARUM
889 182 1011 231 [ΑΒ.
1047 172 1241 232 xxxii.
1329 185 1417 250 235

136 292 280 340 finum
306 293 514 340 venirent
538 291 854 346 Ambracium;
888 291 1007 353 ipse,
1045 291 1298 356 progressus
1321 310 1423 340 mo·-

137 364 249 411 dicis
279 365 510 411 itineribus
532 401 544 421 ,
575 380 734 426 quarto
758 365 828 409 die
848 363 893 410 in
919 377 1075 410 monte
1099 365 1313 411 Cercetio
1336 383 1424 427 po-

137 437 223 485 suit
256 439 421 494 castm,
458 439 616 484 eodem
651 436 953 499 Amynandro
990 453 1091 483 cum
1128 437 1210 483 suis
1246 439 1424 486 auxiliis

137 510 313 564 accit03
348 527 441 556 nou
467 524 554 555 tam
579 508 740 555 virium
769 507 862 569 ejus
882 525 1037 572 egens,
1057 525 1189 571 quam
1221 523 1270 555 ut
1291 511 1424 558 duces

139 582 187 629 in
211 584 475 629 Thessaliam
501 582 694 628 haberet.
723 582 775 627 ab
810 582 969 628 eodem
1001 582 1193 629 consilio
1217 585 1265 630 &
1290 584 1427 646 pleri-

138 673 226 720 que
248 658 534 718 Epirotarum
559 655 805 701 voluntarii
836 655 951 701 inter
968 655 1132 701 auxilia
1151 657 1338 720 accepti.

204 730 312 775 XV.
343 728 531 774 Primam
555 728 733 777 urbium
750 727 979 774 Thessaliae
997 728 1249 773 Phaloriam
1275 729 1335 774 est
1355 745 1427 792 ag·

136 801 314 865 gressus.
358 803 450 847 duo
471 800 610 846 millia
632 801 932 848 Macedonum
970 802 1015 846 in
1053 801 1258 863 praesidio
1289 802 1426 849 habe·

139 874 243 932 bat,
269 874 345 938 qui
369 874 516 935 primo
542 872 705 919 summa
736 873 784 918 vi
814 872 1092 929 restiterunt,
1117 884 1332 935 quantum
1354 891 1428 920 ar-

140 961 236 1002 ma,
267 958 482 1006 quantum
502 946 673 993 moenia
692 946 804 992 tueri
826 958 1059 1007 poterant:
1092 945 1163 990 sed
1190 962 1427 1009 oppugna-

139 1016 208 1062 tio
241 1017 456 1062 continua
474 1053 486 1075 ‚
520 1034 614 1063 non
649 1019 716 1065 die
734 1054 746 1076 ‚
781 1034 876 1064 non
898 1019 1028 1064 nocte
1049 1018 1251 1076 remissa,
1291 1018 1426 1083 (cum

141 1087 301 1135 consul
330 1089 376 1135 in
403 1106 458 1135 eo
486 1091 601 1136 verti
625 1092 820 1138 crederet
838 1102 1092 1136 ceterorum
1113 1089 1428 1136 Thessalorum

140 1162 317 1207 animos
334 1198 346 1219 ,
378 1163 408 1207 si
430 1163 562 1224 primi
592 1164 682 1209 vim
704 1166 954 1210 Romanam
984 1180 1079 1209 non
1101 1162 1425 1224 sustinuissent)

139 1233 256 1280 vicit
277 1234 566 1296 pertinaciam
589 1236 905 1281 Macedonum.
940 1235 1082 1297 Capta
1108 1233 1343 1289 Phaloria,
1365 1234 1429 1280 le-

141 1306 231 1368 gati
249 1323 272 1350 a
294 1306 542 1368 Metropoli
563 1309 611 1352 &
633 1324 655 1352 a
673 1307 794 1352 Piera
814 1307 1022 1352 dedentes
1040 1307 1171 1352 urbes
1191 1319 1429 1355 venerunt.

141 1378 278 1424 venia
307 1378 467 1424 eisdem
497 1379 747 1441 petentibus
769 1381 908 1426 datur.
942 1378 1147 1425 Phaloria
1175 1378 1348 1426 incensa
1378 1397 1429 1426 ac

140 1450 314 1514 direpta
346 1451 420 1497 est.
457 1452 561 1497 lnde
583 1453 805 1514 AEginium
830 1452 953 1514 petit.
994 1467 1125 1514 quem
1149 1450 1303 1497 locum
1324 1469 1429 1499 cum

142 1523 219 1569 vel
258 1523 440 1569 modico
470 1524 675 1585 praesidio
710 1537 856 1570 tutum
887 1541 936 1570 ac
967 1540 1109 1586 prope
1144 1524 1431 1587 inexpugna-

142 1596 276 1642 bilem
299 1596 480 1641 vidiss'et
499 1633 512 1653 ,
547 1596 698 1658 paucis
722 1596 767 1641 in
789 1595 1025 1642 stationem
1047 1596 1302 1658 proximam
1330 1598 1429 1645 telis

141 1667 360 1727 conjectis
379 1705 393 1724 ⁵
419 1670 472 1714 ad
491 1669 812 1731 Gomphorum
836 1669 1067 1732 regionem
1097 1686 1256 1731 agmen
1277 1670 1430 1717 vertit.

145 1741 453 1804 degressusque
482 1742 527 1786 in
550 1759 733 1806 campos
753 1744 982 1788 Thess'aliae
997 1778 1010 1800 ,
1047 1759 1148 1788 cum
1168 1741 1255 1803 jam
1275 1743 1429 1800 omnia

142 1816 361 1861 exercitui
410 1816 602 1862 deeffent
623 1853 636 1873 ‚
684 1816 785 1880 quia
833 1817 1121 1878 Epirotarum
1168 1828 1430 1878 pepercerat

140 1887 257 1950 agris
275 1923 289 1945 ‚
324 1882 565 1950 explorato
584 1906 709 1947 ante,
739 1903 886 1935 utrum
911 1889 1182 1945 Leucadem,
1212 1906 1267 1935 an
1288 1889 1430 1934 smum

145 1961 433 2006 Ambracium
455 1962 676 2008 onerariae
695 1961 929 2008 tenuissent
946 1997 959 2019 ‚
981 1960 1300 2007 frumentatum
1318 1963 1430 2007 Am-

146 2033 342 2080 braciam
366 2033 563 2079 invicem
581 2035 794 2080 cohortes
822 2034 948 2080 misit.
984 2034 1032 2080 δέ
1051 2033 1112 2079 est
1131 2033 1216 2079 iter
1233 2051 1256 2079 a
1278 2037 1430 2080 Gom-

145 2104 244 2167 phis
274 2105 554 2151 Ambraciam
574 2141 588 2163 ‚
618 2106 728 2152 ficut
758 2105 1021 2168 impeditum
1049 2122 1101 2152 ac
1128 2106 1338 2163 difficile,
1370 2107 1431 2152 ita

146 2174 291 2238 spatio
330 2177 552 2238 perbrevi.
589 2181 706 2223 Intra
740 2194 906 2239 paucos
944 2179 1094 2241 itaque
1128 2179 1220 2224 dies
1244 2214 1256 2234 ‚
1290 2179 1432 2224 trans-

150 2248 288 2295 vectis
322 2265 345 2293 a
379 2249 491 2296 mari
528 2250 850 2297 commeatibus
873 2287 885 2307 ‚
922 2252 1086 2312 repleta
1123 2251 1251 2295 omni
1283 2267 1433 2297 rerum

148 2323 282 2384 copia
310 2322 409 2368 sunt
437 2323 585 2370 castra.
620 2325 726 2370 Inde
755 2327 952 2371 Atracem
986 2325 1046 2370 est
1077 2324 1317 2385 profeClus.
1360 2326 1434 2370 de-

150 2411 247 2442 cem
282 2394 421 2440 ferme
457 2395 596 2441 millia
629 2397 684 2442 ab
720 2397 879 2442 Larissa
910 2397 1055 2443 abest:
1093 2413 1148 2441 ex
1182 2396 1435 2452 Perrhaebia

136 2466 332 2514 oriundi
362 2466 490 2514 sunt:
525 2467 603 2518 fita
635 2467 697 2515 est
728 2469 832 2515 urbs
859 2468 988 2531 super
1017 2469 1212 2516 Peneum
1241 2484 1434 2518 amnem
