1592 2724
13 2687 15 2704 <c
12 2625 15 2679 ‚-,.
12 2612 15 2617 .
0 2266 18 2603 ,ψψ-ς-’.Ἳ-μ-οῃ-αμ

343 149 877 222 HisToiziARUM
914 174 1040 220 ΜΒ.
1074 171 1231 219 XXX.
1330 189 1412 235 173

135 295 193 327 ex
220 278 370 326 Sicilia
408 280 680 349 trajicienti,
714 296 810 327 non
836 279 989 326 eadem
1020 277 1204 325 fortuna
1234 277 1330 325 fuit,
1368 281 1419 325 In

138 343 426 414 conspectum
466 352 603 399 ferme
633 351 799 398 Africae
835 351 1052 414 prospero
1083 350 1213 397 cursu
1239 350 1421 396 vectum

138 423 288 486 primo
317 424 511 472 destituit
544 440 741 483 ventus;
775 425 933 472 deinde
963 424 1117 471 versus
1140 423 1187 469 in
1214 423 1419 471 Africum

139 496 344 544 turbavit
358 533 372 556 ‚
392 514 442 544 ac
462 498 614 559 passim
645 514 784 545 naves
813 497 995 558 disjecit.
1017 495 1108 559 ipse
1129 512 1232 542 cum
1253 494 1420 541 rostra-

137 570 225 627 tis,
263 587 341 633 per
373 570 581 618 adversos
615 569 772 617 fluchls
805 568 977 634 ingenti
1007 568 1227 631 remigum
1266 566 1421 621 labore

140 643 310 702 enisus,
340 643 566 706 Apollinis
588 643 959 705 promontorium
984 640 1142 689 tenuit.
1176 638 1422 697 onerariae,

139 733 240 778 pars
275 717 467 763 maxima
501 716 557 763 ad
592 716 870 780 AEgimurum
900 714 1074 780 (insula
1108 731 1158 760 ea
1191 712 1333 759 smum
1368 711 1425 758 ab

140 789 232 835 alto
262 788 452 847 claudit,
476 788 524 835 in
546 805 638 852 quo
664 788 742 835 fita
770 789 994 851 Carthago
1024 786 1109 845 est,
1133 783 1312 848 triginta
1332 783 1424 830 fer-

141 878 213 907 me
238 862 373 908 millia
394 863 449 908 ab
476 861 616 925 urbe)
647 862 743 908 aliae
777 860 983 910 adversus
1011 860 1169 907 urbem
1195 857 1334 920 ipsam
1369 857 1426 904 ad

143 933 322 981 Calidas
355 938 504 998 Aquas
541 935 698 981 delatae
730 934 844 981 sunt.
892 933 1061 981 Omnia
1095 932 1143 980 in
1183 930 1426 992 conspeClu

145 1007 428 1070 Carthaginis
466 1020 605 1054 erant.
642 1007 790 1070 itaque
824 1023 879 1053 ex
914 1017 1010 1053 tota
1044 1005 1154 1055 urbe
1189 1004 1236 1050 in
1271 1001 1426 1053 forum

145 1081 416 1129 concursum
444 1081 520 1129 est.
560 1081 842 1145 Magistratus
877 1081 1075 1128 senatum
1106 1095 1306 1138 vocare,
1338 1094 1427 1141 po-

144 1153 276 1217 pulus
294 1153 342 1200 in
361 1154 498 1201 curiae
518 1155 743 1202 vestibulo
763 1154 949 1201 fremere
968 1190 981 1213 ,
1014 1170 1069 1200 ne
1087 1164 1207 1200 tanta
1235 1168 1291 1199 ex
1315 1167 1425 1198 ocu*a

143 1226 195 1274 lis
214 1226 501 1290 manibusque
519 1230 797 1275 amitteretur
816 1228 977 1291 praeda.
997 1229 1116 1275 Cum
1139 1227 1321 1291 quidam
1346 1238 1430 1289 pai

145 1300 210 1346 cis
227 1299 400 1362 petitae,
419 1300 494 1347 alii
519 1301 799 1367 induciarum
821 1302 1037 1364 (necdum
1055 1299 1175 1347 enim
1195 1298 1287 1346 dies
1307 1299 1430 1354 exie-⁶

147 1374 242 1438 rat)
264 1373 396 1421 fidem
417 1389 730 1438 opponerent,
753 1376 978 1439 permixto
1001 1390 1129 1437 paene
1149 1372 1323 1420 senatus
1341 1388 1431 1435 po·-

148 1448 331 1510 pulique
363 1447 596 1506 concilio,
631 1446 892 1495 consensum
928 1446 1018 1504 est,
1052 1457 1102 1491 ut
1135 1444 1263 1491 claffe
1293 1443 1430 1508 quin-

149 1521 363 1587 quaginta
384 1521 569 1568 navium
597 1521 839 1568 Hasdrubal
869 1520 1149 1584 AEgimurum
1174 1517 1430 1578 trajiceret:

149 1592 251 1640 inde
286 1611 364 1657 per
399 1595 532 1641 litora
569 1593 812 1658 portusque
844 1591 1056 1655 dispersas
1082 1592 1310 1637 Romanas
1347 1606 1431 1636 na-

148 1684 227 1715 ves
247 1667 492 1731 colligeret.
526 1667 728 1714 Desertae
757 1666 862 1731 fuga
885 1678 1143 1722 nautarum,
1162 1664 1357 1727 primum
1375 1662 1433 1710 ab

152 1741 381 1804 AEgimuro
394 1776 406 1799 ,
420 1740 522 1787 dein
540 1741 593 1787 ab
607 1741 744 1804 Aquis
759 1739 977 1787 onerariae
991 1737 1308 1801 Carthaginem
1323 1747 1436 1800 pup-j

151 1817 281 1880 pibus
301 1817 444 1864 tracia:
465 1816 579 1866 sunt.

232 1891 386 1938 XXV.
422 1892 643 1939 Nondum
678 1900 958 1939 reverterant
992 1886 1048 1934 ab
1082 1887 1231 1933 Roma
1267 1881 1437 1948 legati,'

153 1979 300 2027 neque
325 1963 544 2011 sciebatur
562 2001 577 2023 ,
603 1982 705 2028 quae
734 1962 905 2009 senatus
927 1958 1125 2007 Romani
1143 1958 1196 2004 de
1216 1955 1338 2003 bello
1358 1964 1437 2014 aut

154 2053 264 2099 pace
289 2035 504 2082 sententia
529 2036 662 2094 effet3
690 2035 881 2083 necdum
902 2030 1180 2079 induciarum
1201 2028 1294 2074 dies
1315 2026 1439 2073 exie-

156 2123 247 2157 rat:
283 2126 340 2156 eo
370 2110 670 2174 indigniorem
699 2108 909 2172 injuriam
938 2119 1058 2153 ratus
1082 2103 1259 2166 Scipio,
1280 2101 1335 2148 ab
1358 2099 1441 2157 iis‚·

153 2183 231 2246 qui
263 2183 485 2247 petiissent
514 2200 670 2246 pacem
697 2185 746 2231 ὃ(
769 2180 997 2239 inducias,
1020 2180 1072 2226 &
1095 2178 1216 2241 spem
1247 2173 1367 2239 pacis
1388 2174 1439 2220 &

156 2256 290 2304 fidem
316 2258 593 2305 induciarum
624 2257 842 2305 violatam
866 2256 980 2313 effe,
1011 2254 1183 2317 legatos
1204 2245 1441 2310 Carthagi-z

159 2349 260 2379 nem
278 2368 292 2390 ,
325 2334 373 2378 L.
393 2331 616 2390 Baebium,
644 2333 692 2378 L.
718 2330 919 2393 Sergium
936 2365 950 2387 ‚
983 2331 1035 2375 L.
1055 2325 1236 2372 Fabium
1263 2333 1442 2368 extem-

157 2405 237 2469 plo
267 2406 395 2454 misit.
437 2405 546 2468 qui,
585 2421 687 2451 cum
713 2401 1012 2450 multitudinis
1044 2394 1267 2447 concursu
1296 2407 1443 2457 prope

159 2477 322 2542 uiolati
348 2477 514 2535 ess'ent,
548 2492 634 2522 nec
656 2474 852 2522 reditum
878 2474 1093 2521 tutiorem
1111 2476 1346 2525 cernerent
1366 2463 1442 2517 fue
