1592 2724
163 159 248 206 126
511 155 1085 206 TITILIVII

158 282 269 312 nece
299 263 446 311 &atris
467 265 677 327 patruelis
697 301 710 323 ‚
747 281 804 312 ex
820 265 1036 328 Hispania
1058 267 1100 312 in
1124 266 1441 315 Mauritafflam

156 336 394 398 (Bocchar
419 353 469 382 ea
505 338 761 399 tempestate
791 354 873 383 rex
898 340 1165 385 Maurorum
1197 339 1318 403 erat)
1348 353 1443 385 tra·

153 407 267 472 jicit.
300 408 354 454 ab
391 423 447 454 eo
474 405 660 469 supplex
693 403 860 453 infimis
887 406 1096 470 precibus
1120 407 1336 454 auxilium
1367 408 1443 453 iti-

155 482 287 539 neri,
318 479 533 543 quoniam
559 479 678 526 bello
707 495 803 527 non
832 493 1048 543 poteran-
1073 492 1269 544 quatuor
1301 481 1441 527 millia

155 557 423 602 Maurorum
456 553 732 615 impetravit.
770 555 889 600 Cum
920 553 999 611 iis,
1024 553 1246 616 praemisso
1278 554 1443 600 nuntio

155 630 213 678 ad
241 641 454 692 paternos
486 627 677 691 suosque
712 628 909 684 amicos,
946 643 1050 673 cum
1085 627 1140 672 ad
1169 626 1281 673 fines
1315 623 1444 690 regni

154 701 451 767 pervenisset,
478 698 715 765 quingenti
735 700 872 747 ferme
892 700 1104 746 Numidae
1125 700 1180 747 ad
1207 717 1309 747 eum
1328 717 1445 747 con-

154 786 397 822 venerunt.
432 773 572 837 Igitur
603 772 774 818 Mauris
808 771 944 830 inde,
981 771 1095 818 ficut
1127 783 1443 830 convenerat,

155 861 279 897 retro
308 848 363 894 ad
392 863 541 911 regem
561 846 773 903 remissis,
810 862 1067 909 quanquam
1091 846 1324 909 aliquanto
1354 846 1445 893 mi-

157 938 246 969 nor
275 921 350 984 spe
380 920 659 978 multitudo,
695 936 780 966 nec
812 936 914 966 cum
941 936 1030 982 qua
1053 932 1217 966 tantam
1249 937 1343 966 rem
1369 936 1445 983 ag·

158 995 285 1060 gredi
318 993 419 1041 satis
450 993 658 1052 auderet,
695 993 1001 1048 conveniret;
1033 1005 1153 1040 ratus
1185 995 1359 1057 agendo
1393 1010 1448 1041 ac

159 1066 395 1114 moliendo
427 1066 546 1116 vires
579 1082 763 1130 quoque
800 1067 853 1113 ad
893 1066 1111 1130 agendum
1141 1066 1314 1131 aliquid
1344 1066 1447 1112 col-

159 1141 381 1188 leaurum
398 1176 412 1198 ‚
443 1139 746 1203 proficiscenti
767 1142 822 1188 ad
839 1142 1092 1206 Syphacem
1120 1138 1354 1187 Lacumaci
1373 1155 1446 1185 re-

160 1213 271 1277 gulo
298 1212 354 1260 ad
370 1212 598 1276 Thapsum
627 1213 841 1260 occurrit.
877 1213 1122 1276 Trepidum
1150 1229 1310 1276 agmen
1343 1228 1447 1259 cum

161 1285 209 1333 in
229 1287 385 1334 urbem
407 1285 659 1350 refugisset,
676 1287 833 1333 urbem
855 1287 1075 1333 Mafinifi'a
1104 1287 1252 1349 primo
1274 1287 1448 1348 impetu

162 1361 309 1424 capit:
329 1376 387 1407 ex
411 1361 543 1424 regiis
564 1360 676 1407 alios
694 1361 917 1408 tradentes
942 1360 984 1408 se
1008 1360 1192 1423 recipit,
1212 1359 1324 1406 alios
1349 1357 1447 1407 vim

161 1444 368 1499 parantes
387 1431 574 1482 occidit.
594 1449 692 1496 pars
709 1433 906 1480 maxima
927 1450 1030 1480 cum
1052 1432 1149 1495 ipso
1173 1447 1314 1494 puero
1332 1430 1449 1476 inter

163 1505 406 1553 tumultum
433 1505 488 1551 ad
514 1505 796 1569 Syphacem,
828 1521 924 1568 quo
945 1504 1138 1567 primum
1165 1503 1450 1549 intenderant

162 1578 276 1636 iter,
298 1590 618 1639 pervenerunt.
638 1580 764 1623 Fama
780 1577 911 1639 hujus
933 1577 1124 1623 modicae
1144 1576 1233 1631 rei,
1252 1575 1296 1620 in
1321 1575 1449 1637 prin-

162 1649 285 1711 cipio
305 1664 455 1695 rerum
475 1649 688 1712 prospere
705 1651 833 1709 aerae,
854 1649 1083 1696 convertit
1103 1648 1157 1694 ad
1178 1648 1450 1695 Mafiniffam

163 1722 398 1770 Numidas.
428 1722 758 1785 affluebantque
788 1721 989 1783 undique
1016 1737 1072 1767 ex
1100 1719 1215 1783 agris
1242 1718 1449 1782 vicisque

163 1807 342 1842 veteres
363 1794 528 1841 milites
546 1795 673 1841 Galae
688 1830 701 1853 ‚
721 1797 771 1842 &
790 1794 1043 1841 invitabant
1063 1791 1275 1854 juvenem
1301 1792 1356 1837 ad
1375 1804 1451 1836 re-·

164 1867 473 1929 cuperandum
508 1878 740 1928 paternum
771 1881 971 1928 regnum.
1015 1865 1219 1909 Numero
1254 1862 1451 1909 militum

165 1939 445 2001 aliquantum
464 1938 712 1984 Mezetulus
735 1936 981 1999 superabat.
1013 1952 1113 1980 nam
1148 1936 1198 1981 δι’
1227 1933 1318 1996 ipse
1346 1950 1450 1981 eum

167 2010 438 2067 exercitum,
452 2028 546 2074 quo
561 2010 783 2073 Capusam
802 2009 994 2066 vicerat,
1009 2010 1057 2055 ὃ(
1075 2025 1130 2053 ex
1146 2008 1335 2069 receptis
1350 2007 1451 2069 post

167 2087 338 2135 caedem
358 2086 471 2148 regis
489 2086 661 2148 aliquot
680 2085 897 2131 habebat:
915 2085 964 2131 &
982 2099 1091 2145 puer
1108 2084 1375 2129 Lacumaces
1394 2081 1450 2127 ab

167 2160 376 2224 Syphace
395 2158 561 2204 auxilia
580 2157 777 2221 ingentia
797 2156 1057 2204 adduxerat.
1075 2155 1332 2219 quindecim
1351 2154 1452 2200 mil-

168 2234 228 2281 lia
255 2232 458 2295 peditum
485 2232 712 2278 Mezetulo
727 2268 741 2290 ‚
762 2231 914 2277 decem
933 2230 1073 2276 millia
1091 2229 1289 2293 equitum
1311 2240 1451 2277 erant.

171 2304 452 2366 Quibuscum
469 2303 687 2350 Mafiniffa
701 2340 715 2363 ,
753 2320 1034 2367 nequaquam
1059 2314 1230 2348 tantum
1250 2302 1453 2363 peditum

171 2378 432 2442 equitumve
466 2379 657 2435 habens,
687 2378 782 2425 acie
818 2377 1041 2425 conflixit.
1073 2376 1192 2429 evicit
1218 2387 1367 2421 tamen
1400 2377 1452 2423 &

171 2465 378 2504 veterum
401 2452 595 2501 militum
613 2451 788 2513 virtus,
812 2453 862 2502 &
886 2451 1123 2516 prudentia
1140 2450 1257 2498 inter
1276 2451 1452 2502 Roma-2
