1592 2724
210 138 301 199 248
561 140 1124 190 T1T1L1V11

208 245 377 293 ditibus
395 280 408 303 ‚
427 249 700 310 pugnabant.
733 248 794 295 ita
820 266 902 296 nec
925 267 1060 313 eques
1084 249 1228 314 regius
1249 239 1387 315 equiti
1408 263 1489 314 pat·

207 329 329 373 erat,
356 316 550 364 insuetus
569 318 624 364 ad
643 318 839 366 flabilem
868 337 1092 383 pugnam;
1120 338 1201 368 nec
1220 323 1351 384 pedes
1377 333 1490 369 con-'

208 389 411 437 cursator
431 392 480 438 &
500 409 640 454 vagus
656 428 669 449 ,
704 393 753 440 &
779 410 920 455 prope
952 392 1203 440 seminudus
1237 412 1396 458 genere
1416 413 1490 441 ar-

207 479 388 510 morum
401 499 415 521 ‚
434 464 562 510 veliti
576 465 788 510 Romano
806 482 1004 527 parmam
1022 465 1303 528 gladiumque
1323 467 1489 513 haben-

208 536 272 593 ti,
306 537 557 599 pariterque
584 539 633 584 &
656 538 708 583 ad
728 537 768 583 se
786 539 999 585 tuendum
1015 575 1028 597 ‚
1058 541 1107 586 &
1134 539 1189 586 ad
1214 539 1384 586 hostem
1409 557 1490 601 pe-

209 610 396 656 tendum
422 622 609 656 armato.
642 610 751 655 Non
772 610 912 657 tulere
944 612 1094 675 itaque
1118 611 1491 668 dimicationem;

209 699 296 727 nec
326 681 411 728 alia
441 699 487 728 re
506 718 520 740 ,
539 699 674 745 quam
695 682 961 742 velocitate,
979 696 1172 731 tutantes
1195 684 1236 731 se
1252 721 1266 743 ,
1288 685 1336 731 in
1356 685 1492 733 castra

211 751 489 814 refugerunt.

279 825 500 870 XXXVI.
527 827 637 872 Uno
656 824 814 871 deinde
834 825 1079 872 intermisso
1097 826 1192 886 die,
1213 845 1315 875 cum
1337 828 1492 874 omni-

212 896 296 943 bus
327 896 471 959 copiis
502 897 702 959 equitum
730 897 928 960 levisque
958 911 1187 945 armaturae
1218 915 1491 963 pugnaturus

213 987 296 1016 rex
326 969 458 1028 effer,
488 971 621 1017 nocte
656 982 877 1027 cetratos,
910 988 1026 1034 quos
1061 972 1261 1034 peltastas
1293 987 1494 1031 vocant,

211 1042 323 1089 loco
356 1056 622 1105 opportuno
647 1043 763 1089 inter
791 1043 893 1090 bina
923 1043 1062 1091 castra
1087 1045 1133 1090 in
1165 1045 1330 1092 infidiis
1364 1046 1493 1092 abdi-

213 1116 364 1172 derat;
385 1128 746 1178 praeceperatque
763 1116 1057 1179 Athenagorae
1079 1119 1128 1164 ὅ(
1144 1118 1364 1180 equitibus
1380 1156 1392 1173 ,
1418 1131 1493 1177 ut,

211 1188 247 1234 fi
266 1203 423 1252 aperto
446 1188 615 1251 proelio
635 1189 900 1250 procederet
919 1206 987 1235 res
1002 1224 1017 1247 ‚
1036 1203 1266 1236 uterentur
1283 1191 1466 1238 fortuna
1479 1208 1494 1238 ε

212 1263 247 1309 fi
268 1264 442 1319 minus,
467 1263 669 1310 cedendo
689 1262 843 1309 sensim
875 1262 930 1309 ad
955 1263 1210 1309 infidiarum
1228 1265 1380 1310 locum
1403 1264 1492 1309 ho—

211 1334 324 1382 stem
342 1336 643 1396 petraherent.
677 1337 732 1380 Et
749 1335 969 1397 equitatus
986 1334 1167 1398 quidem
1188 1335 1332 1382 ceffit:
1361 1337 1497 1382 duces

212 1419 395 1454 cetratae
422 1408 626 1454 cohortis
643 1444 655 1465 ‚
690 1425 781 1454 non
809 1408 908 1454 satis
941 1409 1189 1471 exfpefitato
1220 1408 1372 1473 signo,
1392 1421 1496 1455 ante

212 1495 393 1544 tempus
412 1481 615 1528 excitatis
633 1481 716 1527 suis
730 1518 744 1537 ,
765 1482 1045 1528 occationem
1069 1484 1181 1529 bene
1207 1484 1412 1546 gerendae
1429 1482 1496 1529 rei

213 1555 410 1602 amisere,
438 1556 672 1600 Romanus
688 1591 701 1611 9
722 1556 770 1601 &
794 1568 949 1616 aperto
968 1555 1136 1617 proelio
1158 1555 1325 1613 victor,
1351 1556 1399 1601 &
1425 1568 1496 1606 tw,

213 1642 287 1677 tus
305 1647 327 1676 a
344 1629 494 1675 fraude
508 1628 788 1686 insidiarum,
808 1630 855 1675 in
879 1629 1011 1676 castra
1032 1629 1118 1675 sese
1136 1629 1317 1691 recepit.
1344 1628 1496 1677 Poste-I

214 1719 271 1749 ro
297 1702 367 1748 die
392 1701 607 1748 omnibus
633 1701 776 1762 copiis
799 1701 954 1748 consul
970 1701 1035 1746 'in
1061 1702 1201 1747 aciem
1236 1700 1458 1747 descendit
1474 1736 1493 1759 ‚

213 1788 318 1823 ante
353 1775 496 1837 prima
528 1774 648 1837 figna
684 1774 844 1820 locatis
876 1773 1154 1835 elephantis:
1192 1790 1285 1836 quo
1319 1773 1494 1819 auxilio

212 1860 311 1894 tum
341 1847 535 1910 primum
564 1846 794 1902 Romani,
833 1846 936 1908 quia
971 1858 1127 1908 captos
1163 1846 1337 1908 aliquot
1371 1845 1495 1891 bello

210 1921 391 1967 Punico
418 1920 665 1977 habebant,
685 1919 750 1965 ufi
771 1919 882 1965 sunt.
912 1919 1002 1965 Ubi
1023 1919 1229 1964 latentem
1257 1918 1372 1965 intra
1395 1919 1495 1965 val-

211 1993 309 2040 lum
334 1993 488 2051 sensit,
518 1994 797 2055 exprobrans
817 2003 984 2038 metum
1014 1990 1220 2038 succeffit.
1253 1991 1497 2053 Postquam

211 2082 270 2112 ne
292 2077 386 2111 tum
407 2065 586 2128 quidem
608 2064 802 2125 potestas
828 2063 1055 2127 pugnandi
1075 2065 1286 2121 dabatur,
1313 2063 1417 2126 quia
1436 2079 1494 2109 ex

210 2150 305 2185 tam
322 2137 590 2199 propinquis
605 2135 773 2181 stativis
791 2152 947 2198 parum
964 2147 1055 2181 tuta
1068 2135 1355 2181 frumentatio
1376 2145 1493 2192 erat,

212 2209 436 2272 dispersos
457 2208 618 2255 milites
646 2224 728 2270 perr
755 2224 885 2270 agros
915 2207 1138 2269 equitibus
1168 2206 1395 2269 extemplo
1419 2206 1494 2251 in-

209 2281 408 2337 vasuris;
437 2281 545 2326 οξὶο
572 2280 711 2326 ferme
742 2279 845 2326 inde
868 2281 1009 2343 ‘millia
1026 2315 1043 2339 ‚
1074 2279 1317 2326 intervallo
1346 2275 1494 2322 tutio-

211 2370 306 2400 rem
341 2351 739 2399 frumentationem
766 2353 1022 2409 habiturus,
1058 2352 1195 2399 castra
1217 2352 1271 2397 acl
1293 2348 1493 2394 Octolo-

210 2425 354 2488 phum
381 2424 458 2490 (id
489 2424 548 2472 est
574 2423 681 2473 loco
717 2422 919 2488 nomen)
954 2423 1118 2473 movit.
1155 2424 1273 2470 Cum
1304 2420 1352 2469 in
1379 2436 1494 2484 pro-
