1592 2724
175 150 269 208 406
536 146 1103 195 T1T1L1V11

178 270 319 300 unum
342 252 388 298 in
422 251 612 315 speculis
631 252 717 301 fuit
732 289 746 312 ‚
767 253 798 300 fi
821 253 931 318 quid
951 255 1068 303 novi
1091 267 1242 304 motus
1261 257 1470 307 oriretur.

179 325 420 389 postquam
443 325 696 389 oppreffam
718 339 842 374 metu
863 327 1093 376 civitatem
1114 329 1254 389 vidit,
1274 331 1473 380 advocat

179 397 428 444 concilium
459 397 513 444 de
538 399 858 463 oppugnandis
878 401 1026 465 Argis.
1058 402 1281 449 Omnium·
1308 403 1472 466 princi-

177 489 288 535 pum
320 473 540 531 Graeciae,
571 486 734 535 praeter
767 473 1058 535 Aristaenum,
1078 476 1231 522 eadem
1259 475 1474 522 sententia

179 558 298 600 erat3
318 562 422 592 cum
443 544 570 592 causa
589 546 695 591 belli
715 562 810 592 non
826 546 909 593 alia
929 548 1056 606 esset,
1073 549 1177 595 inde
1196 548 1474 612 potiffimum

179 619 395 665 ordiundi
417 618 601 664 bellum.
628 619 853 678 Quinffio
875 620 920 666 id
940 638 1227 686 nequaquam
1245 621 1477 684 placebat,

180 691 257 738 sed
291 691 590 749 Aristaenum,
618 704 777 738 contra
811 691 1016 738 omnium
1050 692 1315 740 consensum
1347 692 1474 738 diffe-

182 775 385 823 rentem,
407 780 508 810 cum
528 763 648 810 haud
677 763 814 810 dubia
844 765 1173 828 approbatione
1201 766 1390 813 audivit.
1427 767 1481 812 &⁴

183 835 276 899 ipse
308 835 496 898 adjecit,
516 856 606 883 cum
627 856 707 898 pro
727 841 907 899 Argivis
925 841 1117 901 adverfits
1143 857 1370 900 tyrannum
1391 842 1477 883 bel-

185 914 272 954 lum
289 910 626 974 figs'ceptumstt‚
660 914 763 971 quid
792 914 932 957 minus
962 915 1206 958 conveniens
1233 910 1303 975 effi
1320 947 1334 968 ,
1355 929 1479 970 quam

186 980 335 1044 omiffo
362 983 464 1048 hoste
481 985 624 1045 Argos
644 987 914 1046 oppugnari?
947 989 980 1030 S
982 1005 999 1030 e
1019 1004 1112 1031 vero
1140 1000 1265 1045 caput
1284 987 1378 1029 belli
1398 986 1482 1028 La-

186 1059 453 1102 cedaemonem
477 1054 520 1102 ἃ
538 1073 767 1118 ζγναηηιινη
788 1062 1028 1119 petiturum.
1060 1061 1140 1115 Et,
1171 1057 1347 1104 dimiffo
1370 1073 1483 1103 con-

190 1128 301 1176 cilio
319 1165 332 1187 ,
351 1129 672 1177 frumentatum
705 1131 935 1194 expeditas
955 1132 1170 1180 cohortes
1187 1130 1320 1178 misit.
1339 1130 1485 1191 Quod

187 1202 353 1249 maturi
384 1214 477 1248 erat
505 1203 653 1261 circa,
676 1203 914 1251 demeffum
936 1206 984 1252 δέ
1005 1205 1279 1252 convectum
1301 1202 1376 1250 est.
1412 1201 1484 1248 vi-

188 1273 312 1332 ride,
335 1290 390 1320 ne
408 1273 556 1321 hostes
576 1292 686 1322 mox
712 1276 958 1334 haberent,
981 1270 1224 1339 protritum
1252 1277 1302 1323 &
1327 1290 1482 1323 corru-

190 1359 335 1410 ptum.
355 1347 507 1394 Castra
528 1349 689 1395 deinde
710 1349 889 1409 movit,
913 1352 988 1409 &‚
1008 1349 1253 1397 Parthenio
1274 1347 1482 1410 superato

193 1431 375 1479 monte,
400 1432 563 1483 praeter
585 1422 784 1486 Tegeam
809 1423 948 1470 tertio
972 1423 1043 1470 die
1065 1424 1119 1469 ad
1141 1424 1316 1487 Caryas
1336 1419 1490 1484 posuit

197 1492 348 1540 castra.
376 1492 463 1553 ibi,
484 1494 737 1559 priusquam
769 1496 965 1543 hostium
991 1496 1177 1542 intraret
1204 1511 1394 1559 agrum,
1416 1492 1486 1539 so-

196 1564 376 1611 ciorum
395 1565 564 1612 auxilia
586 1566 873 1630 exspeftavit.
900 1571 1135 1614 Venerunt
1158 1567 1434 1613 Macedones
1462 1582 1490 1610 av

196 1636 411 1700 Philippo
440 1637 562 1685 mille
593 1641 853 1703 quingenti,
884 1643 933 1689 ὅ(
968 1640 1282 1687 Thessalorum
1316 1639 1488 1703 equites

199 1711 530 1775 quadringenti.
564 1729 647 1760 nec
665 1711 753 1774 jam
771 1713 957 1772 auxilia,
972 1731 1169 1778 quorum
1187 1713 1354 1760 affatim
1374 1724 1495 1772 erat,

199 1784 273 1831 sed
294 1796 573 1832 commeatus
594 1784 796 1834 finitimis
814 1787 1001 1833 urbibus
1024 1786 1228 1849 imperati
1249 1785 1489 1832 moraban-

198 1868 276 1903 tur
302 1857 577 1904 Romanum.
601 1860 794 1907 Navales
815 1876 1001 1924 quoque
1021 1877 1191 1923 magnae
1211 1859 1357 1922 copiae
1380 1875 1491 1906 con-

201 1930 462 1978 veniebant.
497 1933 591 1978 Jam
625 1932 680 1979 ab
714 1933 917 1980 Leucade
946 1936 994 1981 L.
1029 1932 1268 1992 Qu-inffius
1297 1931 1491 1995 quadra-

203 2003 327 2066 ginta
355 2004 549 2051 navibus
576 2018 764 2052 venerat
782 2025 796 2053 ε,
817 2005 902 2067 jam
924 2005 1115 2058 Rhodiae
1133 2006 1286 2052 decem
1312 2006 1362 2052 &
1381 2006 1489 2051 0610

202 2076 329 2123 tecta:
352 2094 520 2124 naves:
550 2077 638 2140 jam
667 2081 892 2126 Eumenes
920 2096 996 2125 rex
1025 2078 1145 2126 circa
1163 2079 1390 2142 Cycladas
1420 2078 1493 2125 in·-

204 2147 317 2196 sulas
342 2163 437 2196 erat
468 2167 572 2197 cum
603 2152 756 2199 decem
788 2152 913 2198 teffis
935 2151 1154 2211 navibus,
1175 2152 1359 2216 triginta
1382 2152 1493 2198 lem-

204 2222 300 2281 bis,
326 2222 568 2287 mixtisque
593 2224 690 2271 aliis
716 2224 906 2272 minoris
932 2224 1091 2272 formae
1125 2224 1336 2288 navigiis.
1370 2223 1493 2286 ipso*

207 2313 306 2342 rum
341 2313 527 2362 quoque
562 2298 1013 2345 Lacedaemoniorum
1047 2297 1219 2344 exsules
1251 2295 1456 2360 permulti
1475 2330 1490 2351 ‚

207 2383 515 2435 tyrannorum
544 2370 710 2434 injuria
733 2372 872 2436 pulsi,
890 2372 962 2435 spe
991 2372 1308 2434 recuperandae
1338 2369 1496 2433 patriae

207 2446 250 2491 {n
283 2445 421 2492 castra
441 2447 649 2494 Romana
664 2459 993 2497 convenerant*
1012 2445 1147 2493 Multi
1167 2457 1313 2494 autem
1337 2454 1462 2490 erant
1476 2476 1497 2500 φ
