1592 2724
301 175 849 228 HISTORIARUM
882 174 1009 222 LIB.
1043 172 1216 221 XXXI.
1298 170 1383 234 265

110 288 166 336 tis
187 286 381 335 consulis
407 284 632 347 maiestas;
668 281 1037 343 triumphumque
1061 278 1315 342 frequentes
1343 278 1395 323 L.

113 361 249 409 Furio
273 361 590 408 decreverunt.
627 353 950 416 Triumphavit
980 353 1034 398 de
1064 352 1206 398 Gallis
1233 350 1280 396 in
1299 366 1397 396 ma·-

111 432 292 496 gistratu
312 433 360 478 L.
385 429 539 476 Furius
565 437 747 490 praetor.
769 426 818 470 In
841 422 1047 469 aerarium
1072 421 1175 467 tulit
1199 432 1399 468 trecenta

110 505 276 568 viginti
299 503 436 551 millia
453 500 576 557 aeriS‚
596 497 769 562 argenti
789 507 971 544 cent-um
997 492 1272 556 septuaginta
1293 492 1400 538 mil-

113 577 173 624 lia
199 578 386 640 pondo:
419 590 563 638 neque
591 571 762 635 captivi
793 569 874 616 ulli
909 579 1011 615 ante
1045 583 1225 614 currum
1255 565 1401 621 duffi,

116 666 263 713 neque
282 647 422 712 spolia
446 645 625 709 praelata
642 678 656 700 ‚
679 658 826 707 neque
850 640 1016 687 milites
1039 637 1190 685 secuti.
1221 635 1403 693 omnia,

115 736 279 786 praeter
310 720 572 775 vi&oriam,
592 733 729 780 penes
763 713 993 762 consulem
1027 712 1111 758 effe
1147 711 1402 774 apparebat.

115 797 233 844 Ludi
256 795 414 842 deinde
435 812 460 841 a
478 795 525 840 P.
547 791 766 840 Cornelio
788 788 999 851 Scipione
1015 822 1027 844 ,
1047 801 1164 849 quos
1182 783 1335 831 consul
1355 782 1403 828 in

119 869 271 916 Africa
294 879 514 925 voverat,
543 879 707 928 magno
740 873 955 925 apparatu
985 858 1099 905 faffl.
1129 859 1184 903 Et
1213 857 1267 902 de
1289 855 1405 919 agris

117 941 311 988 militum
348 938 441 1001 ejus
480 938 732 993 decretum,
766 946 844 988 ut,
875 944 989 997 quot
1024 929 1208 995 quisque
1244 944 1404 974 eorum

119 1030 266 1060 annos
287 1013 332 1059 in
354 1010 566 1073 Hispania
588 1008 727 1055 autin
747 1006 896 1053 Africa
919 1003 1160 1060 militasset,
1190 1001 1235 1048 in
1254 1000 1405 1064 fingu—

119 1086 192 1132 los
209 1101 352 1132 annos
371 1083 475 1130 bina
494 1081 647 1145 jugera
670 1080 908 1142 acciperet.
927 1093 1029 1124 eum
1057 1092 1208 1139 agrum
1228 1074 1406 1120 decem-

121 1158 214 1204 viri
242 1157 520 1220 affignarent.
552 1153 804 1202 Triumviri
831 1153 933 1200 inde
961 1151 1097 1199 creati
1124 1149 1177 1196 ad
1196 1147 1408 1211 supplen-

120 1233 227 1278 dum
257 1229 496 1276 Venusmis
527 1227 802 1275 colonorum
836 1242 1104 1288 numerum,
1131 1223 1258 1286 quod
1286 1221 1407 1268 bello

120 1302 386 1351 Hannibalis
408 1311 646 1349 attenuatae
679 1299 800 1346 vires
829 1298 921 1360 ejus
953 1296 1149 1344 coloniae
1181 1306 1332 1351 erant,
1353 1294 1409 1345 C,

120 1377 360 1425 Terentius
377 1379 548 1434 Varro,
569 1377 623 1422 T.
644 1374 888 1434 Quinffius
906 1371 1200 1429 Flamininus,
1222 1371 1267 1417 P.
1287 1370 1411 1415 Cor-

122 1451 267 1497 nelius
294 1451 380 1496 Cn.
410 1453 454 1496 F.
484 1448 651 1511 Scipio.
685 1448 732 1494 hi
762 1447 959 1496 colonos
986 1443 1227 1491 Venusiam
1245 1441 1411 1490 adscri-

120 1525 318 1589 pserunt.
346 1523 515 1570 Eodem
549 1537 670 1569 anno
697 1523 752 1568 C.
784 1517 1028 1567 Cornelius
1059 1516 1305 1578 Cethegus,
1335 1514 1413 1576 qui

121 1593 369 1658 proconsul
394 1592 651 1656 Hispaniam
680 1593 944 1651 obtinebat,
973 1606 1183 1654 magnum
1215 1588 1411 1634 hostium

124 1668 372 1714 exercitum
400 1667 444 1712 in
464 1684 570 1731 agro
597 1668 816 1715 Sedetano
837 1665 967 1713 fudit.
993 1661 1254 1728 quindecim
1272 1658 1412 1706 millia

125 1741 431 1804 Hispanorum
460 1757 515 1787 eo
546 1741 711 1803 proelio
739 1740 947 1787 dicuntur
976 1736 1114 1795 caesa,
1137 1734 1255 1799 signa
1291 1732 1412 1780 mili-

124 1815 238 1860 taria
261 1827 389 1877 capta
409 1814 513 1860 0810
535 1816 584 1861 δε
603 1814 893 1877 septuaginta.
921 1813 975 1859 C.
1002 1809 1210 1858 Aurelius
1228 1805 1414 1863 consul,

126 1905 227 1934 cum
251 1905 307 1935 ex
337 1888 579 1951 provincia
612 1890 804 1934 Romam
837 1884 1133 1935 comitiorum
1170 1881 1295 1930 causa
1328 1896 1413 1925 ve-

128 1960 280 2017 nisset,
304 1978 397 2007 non
428 1961 501 2018 id,
529 1961 653 2024 quod
683 1960 843 2007 animis
874 1967 1207 2022 praeceperant,
1233 1951 1413 2017 questus

128 2032 190 2078 est
204 2068 218 2091 ,
238 2037 338 2079 Nofz
366 2034 635 2094 exspec‘ffamm
653 2035 706 2095 fi
729 2036 782 2078 ab
801 2034 957 2095 finam
972 2066 986 2087 ,
1004 2048 1128 2090 neque
1158 2027 1414 2088 difieptandi

128 2125 219 2151 cam
236 2124 404 2167 praetore
431 2108 588 2166 consuli
612 2108 845 2173 potestatem
863 2104 1027 2164 sac‘Yam
1045 2120 1060 2147 .·
1076 2101 1158 2162 fid
1179 2101 1239 2145 ita
1263 2102 1414 2144 trium-

119 2183 255 2241 phum
278 2176 660 2242 decreffbfitzatum,
675 2195 721 2224 ut
740 2178 898 2225 nullius
912 2212 926 2236 ,
947 2176 1030 2241 nisi
1045 2175 1156 2231 ejus,
1177 2175 1248 2233 qui
1264 2173 1415 2216 trium-

123 2254 333 2313 phaturus
370 2250 486 2314 efflet,
528 2254 641 2297 baud
675 2270 838 2309 eorum,
876 2253 947 2311 qui
982 2251 1085 2293 bello
1119 2240 1417 2305 interfuzffint‚

132 2329 256 2371 verba
286 2329 459 2371 audiret.
487 2328 674 2380 Majores
706 2327 796 2370 ideo
829 2317 1066 2389 institzlffl,
1095 2334 1140 2363 ut
1163 2318 1315 2377 legati,
1344 2315 1419 2359 tri-

133 2400 234 2442 bism'
267 2400 471 2452 militum,
512 2399 788 2451 centuriones,
818 2395 970 2438 milites
1006 2391 1175 2448 denique
1212 2383 1419 2442 triumpho

134 2469 341 2533 adeffirrzoe
369 2488 413 2516 ut
448 2474 598 2517 veritas
634 2488 760 2515 rerum
796 2467 993 2532 gestarum
1033 2463 1150 2519 ejus,
1183 2459 1250 2502 cui
1280 2469 1423 2501 tantus
