1592 2724
288 159 836 209 HISTORIARUM
872 163 1000 212 LIB.
1034 164 1249 215 XXXIII.
1319 181 1410 231 337

126 267 327 333 gentium
355 270 577 318 exercitus
597 269 736 316 robur
767 281 874 317 erat.
904 271 995 318 Jam
1015 272 1134 319 haud
1155 275 1316 336 procul
1337 293 1413 323 ca-

126 340 223 388 stris
253 342 436 393 aberant
465 342 635 405 pedites
662 339 946 405 equitesque,
978 345 1027 391 &
1051 342 1280 393 Thracum
1313 349 1413 411 qui-

125 414 225 461 dam
246 415 293 462 in
310 431 452 479 vagos
471 413 727 478 palatosque
756 428 836 477 per
862 431 994 478 agros
1020 415 1168 464 hostes
1193 419 1411 482 impetum

125 485 358 546 fecerunt,
380 504 485 536 cum
511 503 672 550 repens
704 498 853 534 terror
881 486 1032 534 castris
1060 489 1264 538 infertur.
1299 494 1412 540 Tre-

124 559 277 623 pidare
306 560 423 619 dux,
453 573 503 607 ut
535 560 614 624 qui
646 560 795 608 hostes
833 560 1078 624 nusquam,
1111 562 1190 609 nifi
1226 582 1327 611 raro
1362 566 1410 613 in

125 633 319 681 collibus
351 646 453 681 ante
476 634 721 698 Sicyonem
741 669 755 692 ,
784 650 877 682 non
905 636 1118 684 audentes
1143 655 1301 700 agmen
1329 641 1410 687 de-

124 706 300 753 mittere
328 708 374 754 in
394 723 601 770 campos,
620 707 820 764 vidiffet3
848 709 903 755 ad
919 709 1113 757 Cleonas
1133 711 1313 774 quidem
1334 733 1411 762 ac·-

124 778 322 827 cessuros
348 796 579 842 nunquam
612 780 875 828 credidisset.
912 783 1119 831 revocari
1148 785 1254 832 tuba
1284 785 1412 848 jubet

123 870 265 916 vagos
291 871 315 901 a
348 854 498 901 castris
530 854 737 918 dilapsos·
771 855 894 918 Ipse,
920 857 1080 920 raptim
1109 874 1264 922 capere
1287 879 1413 910 arma

122 922 243 986 juffis
267 924 484 971 militibus
500 959 514 982 ‚
544 923 821 988 infrequenti
840 927 1016 990 agmine
1044 944 1175 991 porta
1195 934 1412 995 egressus,

126 995 255 1059 super
288 996 456 1043 flumen
492 995 670 1043 instruit
705 998 860 1045 aciem.
906 1000 1081 1046 Ceterae
1115 1003 1290 1065 copiae,
1327 1006 1413 1052 vix

124 1070 281 1133 colligi
313 1083 445 1134 atque
479 1069 636 1116 instrui
669 1087 769 1116 cum
800 1069 1073 1132 potuissent,
1102 1074 1296 1135 primum
1328 1077 1412 1123 ho-

123 1140 254 1187 stium
280 1142 494 1203 impetum
515 1159 610 1188 non
636 1143 854 1191 tulerunt.
887 1145 1162 1192 Macedones
1190 1149 1240 1195 &
1266 1150 1412 1195 maxi-

124 1229 196 1259 me
233 1213 438 1259 omnium
474 1213 727 1276 frequentes
763 1218 818 1262 ad
852 1217 972 1280 figna
1008 1217 1216 1277 fuerant,
1249 1223 1300 1268 &
1335 1223 1412 1270 diu

123 1285 364 1348 ancipitem
393 1285 600 1333 vi&oriae
629 1287 748 1349 spem
781 1287 1014 1335 fecerunt:
1046 1289 1276 1351 postremo
1308 1292 1411 1357 fuga

124 1374 380 1405 ceterorum
416 1359 598 1416 nudati,
631 1377 732 1406 cum
753 1360 851 1406 duae
873 1359 962 1422 jam
987 1362 1102 1408 acies
1127 1363 1324 1411 hostium
1354 1382 1413 1412 ex

125 1431 334 1489 diverso,
364 1431 476 1479 levis
506 1444 724 1479 armatura
755 1434 809 1479 ab
840 1433 1004 1492 latere,
1033 1434 1230 1497 clypeati
1261 1450 1415 1484 cetra-'

124 1504 248 1568 tique
277 1523 300 1552 a
328 1505 476 1553 fronte
506 1519 748 1570 urgerent;
776 1509 826 1554 &
849 1505 955 1569 ipsi,
985 1524 1032 1553 re
1054 1508 1290 1568 inclinata,
1317 1512 1411 1574 pri-

125 1595 203 1624 mo
236 1578 428 1625 retulere
452 1578 609 1640 pedem
633 1597 643 1625 :
667 1578 827 1626 deinde
847 1580 1022 1642 impulsi
1052 1593 1170 1644 terga
1201 1597 1411 1641 vertunt,

126 1652 176 1698 &
211 1650 442 1714 plerique,
477 1651 656 1713 abjeffls
699 1654 860 1710 armis,
900 1653 1021 1700 nulla
1056 1653 1129 1716 spe
1164 1656 1411 1705 castrorum

126 1724 423 1770 tenendorum
459 1725 641 1784 relicta,
679 1726 955 1772 Corinthum
985 1727 1221 1789 petierunt.
1261 1729 1412 1777 Nico-

127 1794 285 1842 stratus
301 1832 315 1855 ,
334 1798 615 1844 mercenariis
637 1798 850 1845 militibus
873 1800 927 1845 ad
947 1798 1030 1845 hos
1050 1799 1407 1863 persequendos,

128 1870 352 1932 equitibus
375 1871 698 1936 Thracumque
729 1872 905 1919 auxiliis
932 1873 977 1919 in
1002 1871 1294 1936 populatores
1321 1874 1413 1939 agri

127 1943 338 2006 Sicyonii
364 1944 520 2000 miffis,
540 1962 741 2008 magnam
763 1946 929 2008 ubique
950 1947 1114 1992 caedem
1141 1947 1299 1993 edidite
1320 1965 1413 1994 ma·

127 2014 273 2078 jorem
308 2033 483 2079 prope,
518 2034 650 2080 quam
682 2019 728 2064 in
762 2018 933 2081 proelio
961 2018 1073 2082 ipso.
1111 2021 1177 2065 Ex
1208 2019 1258 2066 iis
1297 2038 1412 2084 (ψο-

128 2104 246 2151 que,
279 2088 358 2150 qui
390 2089 598 2134 Pellenen
627 2090 929 2154 Phliuntaque
960 2091 1221 2153 depopulati
1260 2106 1414 2150 erant,

129 2159 420 2222 incompositi
453 2162 610 2222 partim
646 2163 938 2225 omniumque
978 2163 1153 2226 ignari,
1189 2165 1242 2209 ad
1277 2165 1414 2211 castra

129 2244 430 2291 revertentes,
454 2234 501 2279 in
520 2234 714 2280 hostium
737 2235 975 2292 stationes,
991 2250 1202 2298 tanquam
1229 2237 1273 2280 in
1295 2235 1414 2295 suas,

129 2305 239 2352 illati
260 2304 386 2359 sunt;
418 2305 608 2367 partim,
636 2323 692 2352 ex
718 2306 913 2353 discursu
935 2307 1003 2364 id,
1035 2307 1160 2370 quod
1188 2321 1309 2365 erat,
1342 2309 1415 2355 sum

130 2375 282 2438 spicati
298 2411 312 2433 ,
331 2375 391 2423 ita
409 2376 450 2422 se
468 2378 514 2423 in
529 2377 676 2441 fugam
704 2378 855 2441 paffim
879 2379 1146 2442 sparserant,
1169 2392 1217 2426 ut
1236 2382 1291 2427 ab
1313 2381 1415 2444 ipsis

130 2448 372 2512 agrestibus
408 2462 604 2497 errantes
642 2450 1096 2500 circumvenirentur,
1138 2451 1415 2502 Ceciderunt

197 2521 246 2567 T.
277 2524 369 2568 La.
398 2527 496 2569 Vol.
526 2527 583 2570 V„
1120 2523 1162 2568 Y
