1592 2724
261 173 811 223 HISTORIARUM
848 177 974 225 LIB.
1009 179 1229 229 XXXIV.
1295 198 1389 247 4¹9

106 283 294 327 Romani
314 281 599 346 tradidiffitzt,
628 286 771 328 onmia
793 284 990 347 praefidia
1010 289 1216 333 deduceret
1234 305 1249 334 .·
1265 291 1392 351 fique

107 356 192 415 ἱρῇ
215 357 394 417 suosque
423 358 474 400 ab
505 359 570 401 lzis
602 357 824 421 abstineret.
853 361 918 401 Ne
948 363 1059 418 quod
1088 364 1287 422 oppidum
1305 399 1318 419 ,
1340 383 1389 410 ne

107 431 221 488 quod
245 431 447 494 castellum
467 431 513 473 in
525 430 612 489 suo
641 430 823 474 alienove
842 447 941 490 agro
965 436 1161 479 conderet.
1188 436 1361 498 Obsides
1370 473 1387 494 ,

107 517 155 544 ea
182 502 243 545 ita
252 499 426 558 fictura,
452 504 567 546 daret
593 503 792 561 quinque,
813 520 913 561 quos
939 503 1175 562 imperatori
1193 509 1388 554 Romano

99 572 343 637 placui-fit:
364 577 503 634 filium
532 577 578 618 in
600 576 665 618 lu's
685 574 814 633 fitzcm
836 593 856 629 ;
890 571 931 618 G
950 579 1107 620 talenta
1139 592 1294 622 centum
1319 598 1390 624 ar-

104 649 216 706 genti
243 649 288 692 itz
304 648 517 707 praesenti,
549 644 591 690 δ’
617 650 917 707 quinquaginta
948 652 1103 693 talenta
1128 650 1173 693 in
1193 648 1385 712 fiagellos

107 737 243 764 annos
262 739 339 779 per
364 737 500 764 armos
528 719 629 764 0670.

171 791 391 838 XXXVI.
423 792 530 838 Haec
551 790 828 853 conscripta,
847 791 995 838 castris
1015 792 1204 855 propius
1227 795 1385 843 urbem

109 863 275 921 motis,
313 865 681 910 Lacedaemonem
715 863 967 911 mittuntur.
1002 883 1083 912 nec
1118 866 1218 912 sane
1255 869 1389 931 quid-

106 954 243 1000 quam
275 955 435 984 eorum
470 938 568 984 satis
606 939 808 1000 placebat
845 951 1076 1002 tyranno:
1118 939 1196 984 nisi
1229 942 1386 1003 quod,

108 1021 269 1071 praeter
294 1009 439 1072 spem,
466 1012 826 1057 reducendorum
855 1010 1053 1056 exsulum
1075 1012 1246 1057 mentio
1268 1016 1387 1062 nulla

107 1078 219 1126 facta
252 1093 358 1127 erat.
395 1081 585 1127 maxime
623 1094 767 1127 autem
807 1082 1013 1127 omnium
1050 1098 1099 1127 ea
1133 1099 1201 1129 res
1238 1084 1388 1132 offen-

107 1152 264 1209 debat,
284 1153 408 1215 quod
431 1154 479 1200 &
506 1171 669 1211 naves,
691 1155 740 1200 &
758 1153 989 1200 maritimae
1009 1153 1214 1200 civitates
1236 1156 1386 1203 adem-

107 1235 165 1271 tae
199 1238 339 1272 erant.
391 1228 548 1272 Fuerat
580 1242 726 1273 autem
761 1227 800 1272 ei
839 1242 1003 1289 magno
1039 1225 1199 1272 fructui
1234 1246 1387 1288 mare,

107 1314 292 1344 omnem
322 1314 446 1343 oram
474 1300 633 1344 Maleae
656 1298 934 1362 praedatoriis
956 1298 1146 1344 navibus
1178 1299 1384 1350 infestam

107 1369 303 1416 habenti.
339 1370 623 1432 juventutem
650 1384 863 1434 praeterea
898 1371 1132 1417 civitatum
1156 1388 1307 1420 earum
1330 1376 1385 1422 ad

108 1444 464 1507 supplementum
500 1445 635 1508 longe
673 1446 835 1508 optimi
873 1446 1045 1508 generis
1081 1444 1273 1493 militum
1306 1450 1386 1495 ha-

107 1517 253 1564 bebat,
282 1519 371 1563 Has
402 1518 717 1576 conditiones,
740 1535 996 1581 quanquam
1027 1517 1116 1580 ipse
1148 1520 1193 1564 in
1215 1520 1383 1570 secreto

105 1590 394 1641 volutaverat
427 1608 528 1637 cum
549 1591 699 1638 amicis
718 1626 732 1648 ,
754 1590 894 1653 vulgo
925 1602 1072 1636 tamen
1095 1607 1251 1638 omnes
1270 1593 1385 1643 fama

107 1661 337 1721 ferebant,
368 1663 526 1722 vanis,
562 1677 612 1709 ut
647 1663 700 1709 ad
729 1675 921 1710 ceteram
952 1662 1083 1709 fidem
1102 1699 1116 1722 ,
1149 1664 1206 1712 sic
1237 1668 1289 1712 ad
1317 1667 1383 1715 se-

106 1747 225 1782 creta
252 1737 439 1798 tegenda
458 1772 472 1794 ‚
506 1735 739 1782 satellitum
767 1736 994 1799 regiorum
1024 1736 1227 1799 ingeniis.
1274 1741 1383 1788 Non

106 1817 196 1851 tam
228 1806 381 1853 omnia
407 1807 634 1867 univerfi,
667 1825 800 1872 quam
833 1824 908 1867 ea,
943 1824 1042 1870 quae
1073 1809 1127 1854 ad
1162 1827 1384 1876 quemque

106 1879 409 1941 pertinerent,
445 1881 604 1945 singuli
635 1882 887 1944 carpebant.
926 1881 1005 1944 qui
1034 1881 1236 1930 exsulum
1268 1903 1385 1933 con-

106 1950 230 2016 juges
254 1953 301 1998 in
329 1953 621 2001 matrimonio
653 1954 906 2011 habebant,
938 1965 1014 2000 aut
1052 1947 1108 2000 eit·
1135 1955 1265 2004 bonis
1300 1976 1383 2005 eo-

107 2044 204 2073 rum
241 2027 408 2091 aliquid
439 2028 751 2090 possederant,
792 2043 997 2091 tanquam
1036 2029 1259 2090 amissuri,
1287 2050 1384 2080 non

106 2099 347 2157 reddituri,
368 2100 723 2162 indignabantur.
754 2100 890 2148 servis
911 2100 1103 2147 liberatis
1123 2119 1147 2148 a
1181 2115 1382 2166 tyranno

107 2186 203 2215 non
226 2171 345 2218 irrita
366 2173 506 2219 modo
531 2172 673 2220 futura
695 2173 896 2231 libertas,
929 2173 1002 2220 sed
1025 2175 1169 2221 multo
1191 2175 1384 2238 foedior,

107 2258 242 2303 quam
279 2243 421 2290 fuisset
457 2258 588 2304 ante,
625 2245 813 2294 servitus
845 2247 1132 2293 redeuntibus
1168 2247 1215 2294 in
1245 2249 1384 2296 irato-

108 2330 205 2359 rum
244 2314 531 2362 dominorum
563 2318 825 2380 potestatem
856 2330 957 2364 ante
986 2318 1147 2366 oculos
1175 2321 1383 2368 obversa-

110 2385 253 2432 batur.
285 2389 546 2435 mercenarii
580 2390 743 2436 milites
779 2391 828 2438 &
863 2390 1002 2452 pretia
1030 2390 1200 2437 militiae
1230 2393 1383 2442 casura,

105 2456 153 2504 in
176 2475 284 2521 pace
309 2477 425 2524 aegre
446 2460 676 2525 ferebant,
706 2465 756 2513 δι
777 2464 966 2513 reditum
997 2465 1076 2510 fibi
1107 2466 1278 2514 nullum
1298 2467 1381 2517 effe

978 2538 1128 2586 Dd2
