1592 2724
183 141 277 191 280
534 139 1107 190 TITILIVII

182 247 332 293 randae
352 245 490 293 essent
504 282 519 304 ,
535 246 767 294 Thessalos
794 246 966 310 primos
984 245 1191 293 omnium
1211 245 1470 294 nominavit

182 319 355 368 consul.
385 320 440 366 ad
469 319 515 365 id
538 337 651 368 vero
683 320 796 366 adeo
826 318 1036 367 accensus
1070 319 1381 383 indignatione
1408 319 1471 366 est

181 410 295 451 rex,
326 405 378 441 ut
409 394 711 452 exclamaret,
743 399 845 456 quid
876 395 983 441 vifr'o
1024 398 1194 456 gravius
1222 397 1471 456 imperares,

186 471 238 514 T.
263 469 467 530 Quinfh'?
487 480 620 531 atque
649 468 708 514 ita
733 467 775 514 se
800 485 856 515 ex
887 467 1126 530 colloquio
1153 467 1393 531 proripuit.
1420 468 1473 514 86

183 552 478 602 temperatum
504 556 620 602 aegre
640 539 700 586 est
714 575 728 596 ,
750 540 859 602 quin
882 539 1138 597 missilibus,
1169 540 1273 603 quia
1293 538 1474 586 diremti

183 615 337 661 medio
359 614 480 660 amni
509 613 710 670 fuerant,
733 629 929 677 pugnam
951 614 1068 660 inter
1100 613 1141 660 se
1167 613 1472 675 consererent.

185 686 374 733 Postero
394 686 465 731 die
482 701 562 747 per
580 685 865 734 excursiones
885 686 940 733 ab
960 687 1226 736 stationibus
1255 688 1404 750 primo
1425 686 1473 732 in

183 759 399 823 planitie,
428 758 528 805 satis
550 760 604 805 ad
633 759 678 805 id
711 759 903 822 patenti,
930 761 1071 806 multa
1100 761 1219 809 levia
1246 759 1475 808 commissa

185 834 351 900 proelia
371 833 493 881 sunt:
509 833 669 881 deinde
683 834 1001 897 recipientibus
1020 834 1062 880 se
1074 834 1204 898 regiis
1222 835 1271 881 in
1287 837 1403 882 arsia
1423 836 1475 881 &

186 907 459 971 confragosa
499 906 626 965 loca,
661 907 877 955 aviditate
908 908 1079 955 accensi
1116 907 1372 955 certaminis
1415 913 1482 953 eo'

185 985 372 1044 quoque
390 980 587 1027 Romani
608 992 915 1043 penetravere.
937 983 1026 1027 Pro
1053 981 1121 1027 his
1145 981 1262 1028 ordo
1277 1017 1293 1038 ,
1318 983 1368 1027 ὅ(
1388 979 1475 1026 mi-

184 1056 326 1103 litaris
366 1055 622 1118 disciplina,
656 1057 706 1103 &
740 1073 878 1119 genus
910 1072 1138 1102 armorum
1172 1067 1291 1114 erat,
1321 1068 1476 1117 aptum

184 1129 397 1193 urgendis
417 1130 548 1192 regiis
566 1147 576 1173 :
598 1147 683 1192 pro
713 1129 844 1176 hoste
869 1130 971 1177 loca
985 1166 1000 1187 ‚
1021 1132 1071 1178 ὃ(
1090 1129 1323 1191 catapultae
1342 1128 1475 1175 balli-

186 1205 376 1267 staeque,
397 1205 443 1250 in
463 1206 676 1252 omnibus
700 1222 844 1267 prope
862 1205 1048 1265 rupibus
1064 1241 1078 1263 ‚
1097 1204 1221 1269 quasi
1245 1204 1291 1250 in
1310 1203 1474 1261 muris,

181 1276 422 1338 dispositae.
450 1276 604 1323 Multis
623 1277 729 1324 hinc
757 1288 893 1340 atque
915 1275 1042 1322 illinc
1065 1276 1328 1322 vulneribus
1345 1291 1474 1322 acce⁶

185 1352 302 1415 ptis,
331 1367 434 1398 cum
461 1351 623 1406 etiam,
651 1363 701 1397 ut
719 1350 765 1397 in
791 1348 961 1412 proelio
989 1347 1135 1411 justo,
1164 1348 1340 1412 aliquot
1360 1346 1478 1396 ceci-j

185 1424 346 1471 dissent
360 1460 374 1480 ‚
396 1440 493 1469 nox
516 1440 680 1487 pugnae
701 1418 836 1469 finem
855 1420 976 1468 fecit.

252 1499 331 1544 Χῖ.
356 1499 472 1545 Cum
500 1497 547 1543 in
567 1499 656 1545 hoc
674 1496 786 1543 statu
809 1513 878 1543 res
898 1495 1029 1552 esset,
1050 1493 1200 1556 pastor
1222 1492 1401 1556 quidam
1416 1528 1431 1552 ‚
1449 1509 1475 1539 a

186 1571 409 1634 Charopo
436 1570 641 1635 principe
658 1570 944 1632 Epirotarum
966 1568 1116 1614 missus
1130 1603 1146 1624 ,
1166 1565 1399 1613 deducitur
1419 1564 1476 1612 ad

185 1645 436 1692 consulem.
467 1648 506 1692 Is
524 1647 575 1706 fic
604 1648 649 1690 in
677 1663 721 1690 eo
735 1645 884 1705 sulcu,
905 1646 975 1704 qui
1002 1642 1127 1704 regiis
1156 1659 1253 1687 tunc
1281 1657 1474 1686 oneratus

187 1737 237 1765 ca
253 1723 328 1765 tris
356 1735 469 1775 erat,
505 1733 732 1765 armentum
758 1717 924 1777 pascere
956 1713 1017 1760 ait
1049 1731 1060 1759 :
1095 1731 1234 1759 omnes
1267 1715 1473 1758 montium

187 1812 324 1840 eorum
349 1791 564 1851 anfraft'us
589 1792 783 1852 callesque
801 1786 922 1851 noffi.
955 1789 1008 1832 Si
1019 1787 1162 1847 ficum
1183 1788 1346 1846 aliquos
1371 1788 1478 1830 mit-¹

187 1884 263 1913 tere
286 1867 412 1922 velit,
432 1885 519 1911 non
543 1867 685 1926 iniquo
715 1882 786 1909 nec
795 1861 1034 1924 perdffcili
1057 1862 1177 1904 aditu
1196 1860 1333 1919 fitpra
1351 1874 1475 1918 caput

187 1940 359 2003 hostium
376 1940 652 1984 deduc‘lurum.
667 1939 792 1993 Hccc,
807 1934 1045 1996 Charopus
1061 1931 1308 1978 renuntiari
1324 1931 1476 1993 jubet,

184 2017 248 2061 ita
267 2017 459 2070 crederet,
482 2030 527 2059 ut
539 2013 632 2073 suae
644 2015 787 2072 potius
805 2013 947 2056 omnia
961 2043 975 2066 ‚
1001 2027 1123 2069 quam
1142 2009 1258 2053 illius
1270 2043 1286 2063 ,
1299 2008 1476 2073 potesta·-

186 2090 243 2135 εἰς
261 2086 397 2149 qffimt.
426 2087 542 2132 Cum
561 2083 700 2146 magis
727 2082 867 2129 vellet
887 2080 1066 2128 credere
1080 2114 1093 2137 ‚
1115 2095 1248 2142 quam
1268 2078 1475 2136 auderet,

187 2158 371 2216 consul,
391 2156 672 2218 mixtumque
697 2153 862 2218 gaudio
894 2169 945 2200 ac
974 2165 1098 2198 metu
1122 2149 1321 2196 animum
1351 2165 1476 2212 gere-

186 2246 277 2284 ret,
296 2228 561 2277 ati&0ritate
579 2238 729 2274 motus
748 2223 973 2287 Charopi,
993 2221 1186 2285 experiri
1205 2220 1324 2284 spem
1343 2219 1474 2266 oblau⁸

186 2318 277 2352 tam
293 2304 462 2352 statuit:
481 2305 530 2351 &
542 2339 555 2361 ‚
571 2314 621 2349 ut
643 2312 868 2349 averteret
884 2316 979 2346 rem
995 2291 1314 2359 asuspicione‚
1331 2294 1473 2341 biduo

185 2377 438 2439 insequenti
457 2375 658 2423 lacessere
678 2374 850 2421 hostem
864 2409 878 2430 ‚
893 2370 1111 2435 dispositis
1127 2370 1183 2416 ab
1203 2367 1330 2416 omni
1347 2379 1474 2429 parte

185 2450 358 2514 copiis,
391 2446 818 2511 succedentibusque
852 2443 1034 2509 integris
1069 2442 1296 2492 inlocum
1331 2438 1476 2491 deses-2
