1592 2724
150 118 238 182 136
501 120 1060 176 T1T1L1v11

143 229 207 285 fi,
239 231 287 276 &
316 228 510 276 tumultu
544 230 720 290 verius,
753 250 888 296 quam
921 253 1095 298 pugna,
1128 239 1182 285 ad
1213 239 1334 287 mille
1367 241 1418 290 &3

142 301 328 347 ducenti
365 301 419 347 (le
454 303 654 349 exercitu
694 305 888 351 consulis
922 307 1171 355 interfeffi:
1204 309 1249 356 in
1281 312 1419 359 castra

144 374 317 436 trepide
346 374 551 422 reditum.
592 376 750 438 Neque
780 394 1042 442 oppugnare
1075 392 1225 428 tamen
1258 400 1308 430 ea
1335 385 1420 432 ho-

143 449 229 495 stes
274 449 379 496 ausi,
424 461 619 496 ceterum
654 450 830 498 silentio
873 454 1095 515 proximae
1130 456 1274 504 noffls
1309 475 1421 519 pro-

143 521 283 571 festus
313 524 417 570 inde
452 523 643 582 consul,
680 526 904 586 praemiffo
937 528 1098 576 nuntio
1133 531 1189 577 ad
1222 532 1269 578 P.
1297 531 1421 579 Lici-

143 596 273 644 nium
301 595 651 659 proconsulem,
684 609 736 642 ut
765 596 861 645 suas
892 599 1089 662 legiones
1123 602 1387 651 admoveret
1405 639 1421 663 ‚

147 670 302 732 copias
333 668 585 730 conjunxit.
620 669 680 715 ita
698 669 789 715 duo
816 670 950 719 duces
968 708 981 729 ‚
1012 674 1104 720 duo
1124 676 1345 723 exercitus
1364 676 1421 723 ad

145 741 443 790 Hannibalem
477 741 716 788 redierunt.
763 759 845 790 nec
876 761 1005 792 mora
1039 746 1280 795 dimicandi
1309 748 1421 795 faEta

145 819 236 865 est:
271 835 376 865 cum
410 816 583 865 consuli
621 817 858 880 duplicatae
892 818 1045 878 vires,
1083 823 1230 870 Poeno
1267 839 1422 870 recens

145 891 340 940 viftoria
367 890 520 938 animo
543 889 660 937 esset.
695 892 745 936 In
773 890 961 952 primam
993 893 1132 939 aciem
1161 893 1255 941 suas
1277 895 1422 959 legio-

146 983 225 1013 nes
244 964 537 1028 Sempronius
567 962 773 1010 induxit:
807 962 853 1008 in
880 963 1075 1012 subsidiis
1107 966 1265 1015 locatae
1285 970 1331 1016 P.
1349 968 1422 1015 Li·

146 1039 256 1088 cinii
276 1038 490 1101 legiones.
523 1035 696 1083 Consul
717 1034 941 1098 principio
962 1053 1124 1101 pugnae
1154 1040 1291 1086 aedem
1313 1043 1423 1086 For-

146 1126 270 1161 tunae
294 1111 572 1176 Primigeniae
601 1111 767 1168 vovit,
797 1111 830 1157 fi
859 1127 917 1157 eo
944 1112 1014 1158 die
1041 1113 1184 1160 hostes
1219 1113 1391 1161 fudisset
1408 1131 1427 1162 ι

145 1186 425 1250 composque
448 1185 542 1247 ejus
561 1185 664 1232 voti
687 1184 785 1232 fuit.
820 1187 915 1233 Fufi
941 1203 992 1233 ac
1016 1186 1154 1251 fugati
1173 1188 1327 1236 Poeni:
1353 1187 1424 1234 su-

145 1281 227 1327 pra
252 1274 447 1326 quatuor
478 1261 611 1307 millia
644 1272 915 1308 armatorum
939 1262 1071 1309 caesa:
1104 1262 1239 1324 paulo
1275 1263 1425 1310 minus

145 1336 336 1385 trecenti
368 1335 470 1384 vivi
501 1335 647 1398 capti,
682 1337 733 1383 δε
768 1336 872 1399 equi
908 1336 1195 1399 quadraginta
1215 1371 1229 1394 ,
1255 1337 1304 1384 &
1332 1352 1424 1382 un-

146 1408 292 1456 decim
328 1405 538 1454 militaria
572 1406 705 1470 signa.
755 1406 983 1454 Perculsus
1020 1406 1212 1454 adverso
1253 1405 1423 1468 proelio

145 1480 370 1530 Hannibal
408 1481 664 1528 Crotonem
705 1480 955 1527 exercitum
1001 1480 1198 1527 abduxit.
1250 1480 1424 1526 Eodem

145 1567 352 1617 tempore
376 1554 440 1600 M.
454 1551 696 1599 Cornelius
725 1551 883 1599 consul
909 1551 955 1599 in
978 1551 1115 1599 altera
1142 1564 1264 1616 parte
1285 1553 1423 1600 Italiae

144 1645 242 1674 non
273 1639 363 1676 tam
400 1625 561 1684 armis,
588 1641 722 1688 quam
752 1624 1024 1683 iudiciorum
1050 1636 1222 1672 terrore
1241 1661 1256 1685 ‚
1288 1628 1425 1672 Etru-

144 1700 256 1747 riam
288 1699 524 1758 continet,
559 1709 699 1745 totam
731 1697 869 1745 ferme
896 1699 952 1745 ad
972 1701 1240 1763 Magonem,
1272 1717 1322 1747 ac
1342 1714 1424 1761 per

143 1790 247 1820 eum
275 1773 332 1822 ad
365 1772 485 1835 spem
519 1771 722 1818 novandi
749 1788 845 1830 reS,
873 1772 1058 1820 versam.
1098 1775 1180 1819 Eas
1211 1771 1422 1835 quaestio-

143 1861 222 1891 nes
255 1860 312 1890 ex
351 1843 731 1891 senatusconsulto
767 1844 950 1892 minime
987 1843 1217 1892 ambitiose
1251 1842 1424 1891 habuit.

141 1916 364 1979 multique
390 1916 564 1963 nobiles
591 1917 794 1975 Etrusci,
822 1917 900 1980 qui
931 1928 1006 1963 aut
1030 1915 1109 1979 ipsi
1145 1915 1314 1972 ierant,
1345 1924 1422 1960 aut

141 1987 352 2036 miserant
379 1989 434 2035 ad
451 1991 693 2052 Magonem
723 1990 776 2036 de
793 1989 1071 2052 populorum
1092 1988 1272 2036 suorum
1296 1985 1423 2040 dese-2

140 2061 290 2108 &ione
303 2097 317 2120 ‚
338 2061 487 2124 primo
504 2061 739 2124 praesentes
760 2078 884 2110 erant
902 2063 1218 2119 condemnati3
1238 2060 1390 2125 postea
1403 2096 1422 2120 ,

139 2132 415 2181 conscientia
436 2132 608 2180 sibimet
625 2132 705 2195 ipfi
723 2133 924 2182 exsilium
943 2134 1265 2182 consciscentes
1280 2171 1294 2194 ‚
1315 2151 1420 2182 cum

138 2205 339 2253 absentes
366 2204 563 2252 damnati
583 2204 742 2262 essent,
763 2205 1035 2268 corporibus
1061 2204 1285 2252 subtraEtis
1297 2241 1313 2262 ,
1337 2204 1421 2250 bo-

138 2293 199 2324 na
236 2287 407 2322 tantum
427 2312 441 2334 ,
478 2292 579 2339 quae
612 2275 830 2340 publicari
864 2288 1106 2341 poterant,
1140 2273 1418 2340 pignoranda

134 2365 293 2415 poenae
318 2349 590 2411 praebebant.

203 2423 443 2472 XXXVII.
475 2422 604 2472 Dum
636 2421 735 2472 haec
762 2421 970 2473 consules
1003 2421 1185 2474 diverfis
1216 2419 1420 2486 regioni·-
