1592 2724
266 150 816 223 msTomAR'UM
851 174 977 221 ΜΒ.
1013 173 1230 219 xxxm.
1302 186 1395 236 339

109 283 162 330 ad
193 284 383 332 crimina
410 283 621 330 diluenda
650 293 836 329 ventum
869 281 929 327 est
951 318 964 339 ‚
997 299 1098 328 cum
1130 293 1249 328 tanta
1283 280 1398 328 fidu-

111 359 206 416 cia,
241 370 450 420 quantam
480 353 742 401 innocentia
763 353 921 418 dabat,
957 353 1274 400 ‹inseruerunn
1309 371 1398 416 po-

112 429 274 475 stremo
291 464 306 487 ,
343 429 464 474 ultro
494 424 663 489 aliquid
686 424 819 470 etiam
839 423 993 487 queri,
1014 426 1062 470 ἃ
1085 425 1289 488 castigare
1309 427 1397 472 ini-

114 502 329 565 quitatem
358 500 487 548 fimul
519 500 566 544 in
596 498 636 544 se
674 497 1070 558 crudelitatemque
1094 498 1209 553 arni,
1237 499 1297 543 ita
1328 498 1398 544 af-

114 575 319 622 fecerunt
354 571 558 628 animos,
591 582 640 618 ut
674 569 856 625 omnia,
891 585 992 630 qua:
1027 557 1075 612 in'
1110 585 1186 614 eos
1221 571 1398 618 decreta

115 661 263 707 erant,
278 648 530 710 frequentes
551 645 762 692 tollerent
780 662 788 690 :
810 660 953 704 neque
973 658 1029 687 eo
1048 642 1192 688 minus
1209 644 1400 689 redeun-

116 723 223 768 dum
245 722 292 767 in
317 720 572 767 societatem
595 718 814 780 Philippi,
837 715 1208 779 abnuendamque
1229 719 1401 764 Roma-

117 810 281 840 norum
301 791 539 839 amicitiam
557 827 571 849 ,
604 789 849 837 censerent„

184 868 331 913 XVII.
353 865 556 912 Leucade
585 863 679 909 haec
699 862 799 908 sunt
821 861 1013 906 decreta.
1043 857 1087 904 id
1111 870 1245 922 caput
1264 860 1402 908 Acar-

118 939 263 985 naniae
284 949 405 995 erat,
429 953 576 999 eoque
597 934 644 981 in
663 933 913 982 concilium
933 948 1090 978 omnes
1108 933 1266 995 populi
1285 950 1401 979 con—

121 1011 378 1058 veniebant.
398 1013 549 1072 ltaque
562 1045 575 1068 ,
590 1025 693 1055 cum
712 1007 806 1053 haec
824 1006 1057 1068 repentina
1077 1006 1269 1052 mutatio
1285 1008 1405 1052 Cor-

118 1101 277 1148 cyram
296 1084 350 1131 ad
366 1083 560 1146 legatum
580 1081 877 1128 Flamininum
899 1078 1060 1141 perlata
1083 1078 1211 1133 effer,
1235 1092 1406 1125 extem·

120 1159 201 1222 plo
239 1176 341 1205 cum
378 1157 506 1205 class‘e
538 1155 795 1219 profecitus,
834 1154 1035 1200 Leucade
1068 1153 1123 1199 ad
1157 1155 1366 1199 Heraeum
1388 1187 1405 1210 ‚

117 1232 246 1296 quod
265 1243 466 1290 vocant,
498 1247 634 1277 naves
653 1227 882 1292 applicuit.
918 1227 1022 1274 Inde
1050 1244 1153 1274 cum
1181 1228 1305 1273 omni
1326 1244 1406 1291 ge-

122 1323 227 1353 nere
255 1318 589 1352 tormentorum
617 1303 1015 1364 machinarumque
1036 1335 1050 1357 ,
1079 1300 1242 1363 quibus
1261 1317 1411 1363 expu-,

124 1391 317 1444 gnantur
350 1379 506 1436 urbes,
536 1379 592 1424 ad
611 1393 764 1423 muros
793 1375 999 1429 accessit,
1031 1374 1084 1420 ad
1105 1374 1297 1435 primum
1317 1387 1410 1420 ter-

125 1471 277 1500 rorem
306 1465 426 1500 ratus
456 1451 661 1499 inclinari
681 1451 856 1498 animos
888 1449 1024 1512 poss'e.
1058 1446 1298 1509 Postquam
1326 1464 1411 1510 pa-

126 1529 214 1574 cati
249 1526 359 1573 nihil
388 1527 707 1573 ostendebatur
725 1561 738 1581 ‚
766 1537 862 1570 turn
890 1523 1046 1569 vineas
1066 1521 1296 1584 turresque
1322 1522 1413 1568 eri-

127 1618 230 1665 gere
249 1636 262 1659 ,
291 1602 340 1648 &
369 1601 550 1648 arietem
578 1601 822 1646 admovere
844 1596 984 1643 muris
1018 1594 1172 1656 coepit.
1208 1597 1412 1642 Acarna-

130 1673 205 1720 nia
235 1674 473 1731 universa‚
504 1674 620 1720 inter
640 1672 853 1719 AEtoliam
872 1684 1005 1732 atque
1026 1668 1211 1730 Epirum
1239 1669 1413 1730 pofita,

131 1747 269 1792 solem
299 1748 582 1794 occidentem
615 1747 664 1793 δέ
698 1761 818 1790 mare
845 1742 1044 1789 Siculum
1082 1740 1254 1803 speciat.
1291 1741 1413 1786 Leu-

134 1819 256 1866 cadia
288 1837 407 1867 nunc
436 1819 601 1875 insula,
633 1819 683 1865 ὅ(
705 1816 877 1865 vadoso
907 1815 1052 1872 freto,
1084 1813 1210 1876 quod
1240 1811 1416 1876 perfos-

134 1891 228 1939 sum
254 1911 388 1940 manu
415 1892 504 1951 est,
534 1891 590 1939 ab
612 1890 860 1938 Acarnania
883 1888 1051 1943 divisa,
1080 1900 1176 1934 tum
1207 1885 1416 1949 peninsu²⁹

135 1968 177 2014 la
207 1980 328 2026 erat,
360 1967 607 2015 occidentis
642 1965 826 2028 regione
860 1963 986 2010 arffis
1018 1962 1223 2009 faucibus
1258 1961 1418 2008 cohae-

135 2057 238 2088 rens
269 2040 548 2087 Acarnaniae.
588 2040 880 2101 Quingentos
913 2036 1052 2083 ferme
1089 2036 1232 2098 paffus
1265 2035 1419 2097 longae

137 2112 286 2159 fauces
306 2124 454 2166 erant;
485 2112 583 2157 latae
606 2111 723 2156 haud
742 2109 931 2172 amplius
961 2120 1141 2155 centum
1169 2108 1218 2154 δέ
1238 2103 1420 2167 viginti.

139 2185 186 2231 in
219 2185 285 2232 his
316 2184 529 2249 angustiis
563 2186 730 2231 Leucas
761 2184 902 2246 posita
934 2183 1024 2240 est,
1062 2181 1171 2229 colli
1198 2176 1422 2242 applicata

140 2259 272 2306 verso
302 2259 347 2304 in
369 2256 588 2304 orientem
616 2258 666 2304 &
687 2257 994 2303 Acarnaniam.
1028 2258 1117 2301 lma
1144 2253 1267 2300 urbis
1288 2252 1424 2314 plana

140 2333 240 2379 sunt
258 2369 270 2390 ‚
310 2330 496 2392 jacentia
524 2331 579 2377 ad
612 2347 730 2376 mare
748 2366 762 2388 ‚
796 2348 888 2393 quo
912 2329 1127 2375 Leucadia
1150 2328 1204 2374 ab
1226 2329 1424 2373 Acarna·

143 2405 215 2451 nia
244 2403 474 2450 dividitur.
510 2403 615 2448 Inde
645 2415 758 2448 terra
789 2404 989 2455 marique
1012 2397 1321 2464 expugnabilis
1347 2399 1423 2446 est.

144 2494 248 2523 nam
285 2478 335 2526 &
370 2476 481 2527 vada
515 2475 616 2522 sunt
651 2476 807 2539 stagno
839 2475 1050 2522 similiora
1071 2510 1081 2526 ,
1120 2489 1253 2535 qnam
1284 2471 1426 2519 mariz

1063 2547 1100 2590 Y
1142 2562 1167 2591 2.
