1592 2724
283 191 834 246 HISToRtARUM
875 190 1002 237 LIB.
1036 188 1215 236 XXXI.
1301 195 1396 250 229·

107 307 235 359 vallo
256 307 310 353 ab
331 306 458 352 hoste
488 303 650 367 posuit.
681 297 872 349 Occalio
904 299 1074 361 egregie
1101 299 1161 343 rei
1190 296 1394 359 gerenclae

98 381 220 439 fuit,
242 380 272 427 si
294 379 502 442 protinus
523 378 574 423 de
597 376 667 423 via
687 374 740 420 ad
767 370 904 419 castra
923 371 1222 433 oppugnanda
1242 368 1395 415 duxisa

108 456 186 503 set.
220 454 352 501 Palati
384 452 535 513 paffim
568 447 842 511 vagabantur
864 460 942 505 per
960 458 1119 506 agros,
1141 442 1267 488 nullo
1296 439 1395 488 satis

108 527 243 575 firmo
273 528 428 573 relicto
463 523 683 586 praefidio.
714 516 957 566 lassitudini
989 515 1182 563 militum
1215 513 1398 571 timuit,

109 603 235 664 quod
275 600 431 661 raptim
463 598 641 644 ductum
675 610 832 658 agmen
869 602 977 638 erat.
1015 588 1163 646 Galli,
1198 588 1399 634 clamore

111 675 295 722 ἦιήᾙητ
314 691 368 719 ex
387 672 498 735 agris
523 669 750 723 revocati,
766 664 920 712 omiffa
939 663 1086 726 praeda
1102 698 1112 712 ,
1127 661 1289 723 quaein
1309 676 1399 705 maa

112 747 243 793 nibus
264 758 356 791 erat
370 781 384 802 ‚
404 744 537 790 castra
558 742 827 804 repetivere,
846 739 895 785 ὃ(
912 735 1091 800 postero
1108 735 1176 781 die
1196 734 1242 780 in
1258 733 1398 780 aciem

110 818 341 882 progressi.
370 835 451 863 nec
474 818 710 862 Romanus
737 828 908 879 moram
933 807 1158 871 pugnandi
1181 806 1298 853 fecit.
1326 804 1400 851 sed

112 891 194 934 vix
216 889 401 952 spatium
424 887 666 934 instruendi
685 884 768 931 fuit
790 902 806 930 :·
821 900 875 930 eo
898 882 1025 930 cursu
1051 881 1198 927 hostes
1214 881 1259 926 in
1278 895 1402 942 proee-

112 959 224 1007 lium
250 973 489 1008 venerunt.
518 963 690 1007 Dextra
719 958 784 1003 ala
809 956 888 1020 (in
918 956 1005 1001 alas
1032 952 1230 1000 divisum
1255 951 1403 999 socia-

112 1035 201 1082 lem
241 1036 486 1082 exercitum
523 1031 746 1096 habebat)
774 1033 820 1077 in
851 1030 991 1093 prima
1018 1029 1110 1076 acie
1132 1028 1279 1074 locata
1308 1025 1404 1074 est:

113 1107 160 1155 in
194 1109 392 1156 subsidiis
415 1110 513 1155 duae
540 1109 758 1155 Romanae
785 1104 999 1167 legiones.
1020 1104 1084 1148 M.
1115 1102 1271 1149 Furius
1290 1101 1404 1146 dex-

113 1192 197 1227 trae
222 1182 302 1229 alae
319 1218 331 1238 ‚
354 1181 606 1245 legionibus
638 1182 700 1226 M.
732 1178 962 1226 Caecilius,
988 1175 1209 1239 equitibus
1237 1177 1285 1221 L.
1308 1176 1406 1222 Va-

115 1253 250 1300 lerius
272 1255 454 1310 Flaccus
479 1254 640 1317 (legati
667 1268 826 1299 omnes
849 1248 1006 1313 erant)
1030 1248 1268 1312 praepositi.
1286 1250 1407 1294 Prae-

115 1337 193 1372 toi·
220 1326 364 1374 secum
393 1328 509 1374 duos
535 1327 734 1390 legatos,
754 1325 843 1372 Cn.
873 1323 1114 1369 Laetorium
1145 1324 1192 1369 &
1214 1323 1258 1367 P.
1284 1320 1407 1367 Titi-

115 1399 242 1445 nium
259 1435 272 1456 ,
293 1399 504 1446 habebat:
529 1417 626 1446 cum
651 1399 812 1457 quibus
835 1395 1170 1457 circumspicere
1200 1396 1249 1441 δι
1279 1394 1406 1440 obire

116 1472 172 1518 ad
206 1489 363 1519 omnes
399 1473 591 1519 hostium
627 1472 798 1518 subitos
835 1484 1024 1517 conatus
1054 1468 1210 1530 poffet.
1253 1467 1407 1513 Primo

117 1546 265 1602 Galli,
292 1547 418 1592 omni
451 1546 738 1593 multitudine
772 1544 817 1590 in
848 1560 986 1590 unum
1016 1543 1170 1587 locum
1202 1540 1408 1595 connisi,

117 1618 311 1664 obruere
334 1633 466 1680 atque
484 1621 690 1665 obterere
711 1616 796 1663 sese
819 1616 1017 1662 dextram
1042 1614 1175 1671 alam,
1196 1630 1295 1675 quae
1317 1612 1410 1674 pri-

117 1707 325 1751 ma‘erat‚
344 1693 574 1754 sperarunt
599 1692 735 1755 posse.
768 1691 841 1737 ubi
865 1691 908 1736 id
929 1706 1082 1752 parum
1105 1688 1378 1750 procedebat
1393 1722 1414 1745 ‚

119 1765 360 1813 circumire
390 1784 411 1813 a
447 1768 691 1832 cornibus,
727 1769 775 1812 &
806 1764 1010 1827 amplecti
1041 1762 1237 1808 hostium
1270 1761 1411 1807 aciem

120 1836 281 1901 (quod
303 1839 349 1885 in
378 1840 662 1886 multitudine
689 1838 898 1885 adversus
928 1852 1098 1900 paucos
1121 1834 1251 1882 facile
1276 1834 1408 1881 vide-

120 1910 284 1971 batur)
309 1915 460 1958 conati
491 1913 602 1959 sunt.
636 1913 679 1958 ld
710 1912 787 1957 ubi
807 1910 925 1956 vidit
950 1921 1141 1972 praetor,
1164 1920 1213 1954 ut
1240 1909 1290 1955 &
1320 1907 1414 1971 ipse

120 1982 323 2030 dilataret
342 1984 479 2043 aciem
493 2021 505 2040 ‚
526 1985 628 2031 duas
652 1985 851 2048 legiones
872 2000 924 2028 ex
946 1981 1142 2029 subsidiis
1162 1981 1317 2028 dextra
1334 1981 1413 2027 lae-

123 2070 272 2102 vaoue
290 2056 393 2112 alae,
413 2074 511 2119 quae
535 2058 577 2102 in
602 2059 742 2119 prima
764 2057 857 2103 acie
879 2058 1124 2119 pugnabat,
1147 2055 1421 2111 circumdat„

123 2127 354 2189 aedemque
385 2125 491 2174 Deo
513 2130 617 2175 Jovi
638 2130 773 2176 vovit
789 2165 802 2187 ‚
823 2129 852 2175 fi
875 2145 930 2174 eo
957 2129 1026 2174 die
1055 2127 1205 2174 hostes
1225 2125 1413 2172 fudisset„

123 2200 176 2247 L.
192 2200 372 2246 Valerio
395 2202 605 2262 imperat,
623 2214 671 2248 ut
692 2216 812 2265 parte
831 2203 1018 2249 duarum
1040 2201 1272 2263 legionum
1289 2198 1415 2262 equi-

125 2286 220 2328 tes,
245 2275 377 2320 altera
412 2275 641 2321 sociorum
669 2277 917 2338 equitatum
948 2276 994 2321 in
1022 2291 1192 2322 cornua
1218 2271 1414 2318 hostium

126 2347 324 2400 emittat,
350 2364 430 2394 nec
452 2348 686 2395 circumire
718 2365 796 2394 eos
822 2348 961 2395 aciem
985 2348 1190 2410 patiatur.
1212 2345 1339 2391 fimul
1365 2346 1416 2391 &2

128 2417 243 2479 ipse,
259 2433 305 2463 ut
324 2433 602 2465 extenuatam
623 2420 809 2465 mediam
828 2420 1023 2466 deduffis
1043 2417 1256 2465 cornibus
1273 2414 1420 2461 aciem

129 2490 371 2541 Gallorum
394 2491 510 2542 vidit
524 2527 540 2553 ‚
562 2491 682 2556 signa
698 2491 864 2541 inferre
885 2491 1118 2541 confertos
1142 2488 1306 2536 milites
1320 2522 1336 2547 ,
1363 2488 1422 2535 ἐξ
