1592 2724
145 123 204 191 2'2
502 143 1061 195 T1T1L1v11

142 269 259 300 mam
293 250 520 313 Hispaniae
545 269 671 300 oram
705 253 840 316 usque
869 255 922 300 ad
947 256 1180 302 Oceanum
1208 257 1426 321 compulsi

143 338 296 373 erant:
320 323 533 386 disparem
553 336 701 370 autem
717 361 730 383 ,
762 327 888 388 quod
910 326 1149 390 Hispania,
1172 346 1267 376 non
1290 347 1426 392 quam

143 400 267 447 Italia
304 399 472 457 modo,
503 397 576 445 sed
607 416 743 461 quam
775 399 864 445 ulla
899 416 998 462 pars
1035 413 1274 459 terrarum,
1302 403 1426 449 bello

143 473 394 533 reparando
416 471 564 534 aptior
583 483 704 529 erat,
722 471 929 519 locorum
950 472 1279 538 hominumque
1298 472 1427 537 inge·-

143 545 244 592 niis,
274 544 423 607 itaque
455 561 564 605 ergo
596 544 739 606 prima
772 546 991 591 Romanis
1018 546 1128 593 inita
1158 547 1428 609 provincia-

144 638 268 677 rum,
300 636 399 681 quae
429 618 609 682 quidem
639 618 913 667 continentis
940 620 1046 674 sint,
1073 622 1295 683 postrema
1324 639 1428 669 om-

144 693 270 740 nium
285 726 298 746 ‚
318 690 467 737 nostra
488 692 667 738 demum
690 704 819 740 aetate
832 729 845 751 ‚
871 694 1004 740 ductu
1024 695 1313 758 auspicioque
1330 698 1428 742 Au-

145 764 257 827 gusti
294 761 504 820 Caesaris,
534 764 786 825 perdomita
823 764 898 812 est.
941 765 1008 812 Ibi
1047 778 1140 813 tum
1183 766 1428 814 Hasdrubal

147 834 388 897 Gisgonis,
412 834 632 881 maximus
661 835 1004 899 clariffimusque
1033 855 1090 885 eo
1118 839 1240 887 bello
1270 840 1427 887 secun-

145 910 254 955 dum
275 906 486 953 Barcinos
505 907 619 964 dux,
638 909 851 970 regressus
867 908 922 954 ab
938 909 1165 969 Gadibus,
1183 912 1427 959 rebellandi

146 981 266 1040 spem
289 979 530 1039 adjuvante
552 982 747 1043 Magone
765 981 1029 1030 Hamilcaris
1048 982 1167 1041 filio,
1189 985 1430 1031 deleffibus
1485 1033 1492 1037 ,

146 1070 227 1116 per
249 1052 510 1098 ulteriorem
538 1052 796 1114 Hispaniam
822 1053 981 1101 habitis
996 1090 1010 1111 ‚
1029 1055 1083 1101 ad
1105 1056 1430 1119 quinquaginta

146 1126 285 1174 millia
321 1127 547 1187 peditum,
581 1127 631 1173 ὃ(
666 1138 858 1190 quatuor
893 1127 1032 1174 millia
1068 1128 1119 1175 &
1155 1128 1430 1192 quingentos

147 1199 322 1261 equites
346 1200 550 1246 armavit.
577 1200 651 1245 De
676 1198 951 1259 equestribus
979 1200 1121 1262 copiis
1150 1199 1288 1247 ferme
1312 1202 1431 1248 inter

148 1273 354 1320 iustiores
381 1272 602 1319 convenit
621 1288 631 1316 :
654 1272 854 1333 peditum
875 1271 1148 1334 septuaginta
1168 1274 1306 1319 millia
1325 1274 1430 1337 qui·-

148 1345 251 1391 dam
282 1345 466 1391 addufila
492 1345 547 1391 ad
574 1344 752 1407 Silpiam
782 1344 936 1390 urbem
961 1344 1173 1392 scribunt.
1205 1345 1269 1391 lbi
1299 1345 1429 1408 super

148 1434 333 1479 campos
359 1432 561 1480 patentes
587 1417 677 1463 duo
708 1417 840 1462 duces
859 1416 990 1463 Poeni
1010 1432 1061 1463 ea
1077 1432 1249 1476 mente,
1276 1434 1332 1464 ne
1349 1419 1428 1465 de-

148 1489 386 1536 tre&arent
411 1502 632 1537 certamen
649 1524 662 1547 ‚
681 1487 992 1535 consederunt.

214 1566 333 1610 xm.
361 1563 513 1626 Scipio
530 1596 544 1618 ‚
566 1580 667 1611 cum
696 1562 752 1608 ad
777 1579 878 1609 eum
902 1561 1018 1608 fama
1045 1562 1159 1609 tanti
1179 1564 1430 1626 comparati

149 1636 370 1683 exercitus
397 1635 563 1698 perlata
592 1635 718 1689 effet,
747 1651 891 1697 neque
925 1635 1142 1682 Romanis
1171 1635 1430 1699 legionibus

149 1721 283 1755 tantae
322 1707 362 1754 se
385 1725 537 1769 parem
562 1707 662 1754 fore
693 1705 968 1754 multitudini
994 1721 1144 1766 ratus,
1162 1720 1214 1754 ut
1248 1725 1345 1754 non
1379 1708 1429 1755 in

149 1781 343 1842 speciem
369 1780 517 1826 saltem
546 1793 885 1843 opponerentur
909 1779 1205 1827 barbarorum
1233 1781 1431 1841 auxilia,

150 1870 297 1916 neque
328 1854 374 1899 in
408 1853 460 1901 iis
486 1869 632 1900 tamen
662 1866 835 1901 tantum
867 1852 1036 1900 virium
1063 1854 1355 1915 ponendum,
1381 1867 1433 1902 ut

150 1927 369 1971 mutando
391 1924 551 1984 fidem,
581 1943 681 1987 quae
707 1926 843 1973 cladis
875 1924 1003 1972 causa
1030 1924 1176 1971 fuiffet
1202 1924 1316 1987 patri
1348 1942 1431 1986 pa-

150 2009 348 2060 truoque
366 2034 380 2053 ‚
410 2015 618 2059 magnum
650 2012 930 2044 momentum
964 1996 1180 2051 facerent,
1207 1995 1430 2058 praemiffo

151 2072 304 2118 Silano
333 2072 385 2118 ad
405 2071 624 2118 Colcham
643 2107 656 2127 ‚
677 2069 1008 2133 duodetriginta
1033 2067 1210 2130 oppidis
1238 2085 1430 2131 regnan-

150 2155 270 2201 tem,
295 2156 345 2189 ut
365 2143 537 2205 equites
557 2142 814 2205 peditesque
843 2142 898 2189 ab
918 2158 999 2200 eo,
1024 2158 1140 2204 quos
1162 2140 1205 2186 se
1230 2158 1308 2203 per
1332 2141 1429 2188 hie-

149 2233 268 2263 mem
296 2215 655 2278 conscripturum
677 2215 905 2277 pollicitus
934 2226 1050 2271 erat,
1075 2214 1319 2275 acciperet,
1338 2212 1430 2275 ipse

150 2289 205 2335 ab
222 2288 479 2335 Tarracone
500 2287 727 2352 profefflus
741 2323 753 2346 ‚
777 2287 983 2349 protinus
1004 2288 1059 2333 ab
1082 2286 1236 2345 sociis,
1255 2285 1333 2349 qui
1353 2302 1431 2332 ac·
1483 2299 1486 2305 ’

151 2360 314 2406 colunt
335 2360 456 2407 viam
472 2396 485 2418 ‚
505 2359 686 2406 modica
715 2359 1028 2406 contrahendo
1054 2359 1243 2415 auxilia,
1266 2358 1428 2405 Castu-
1485 2404 1489 2409 ,

146 2432 306 2484 ‘ionem
325 2433 549 2498 pervenit.
577 2436 646 2482 Eo
668 2432 852 2482 adducta
878 2432 934 2480 ab
961 2432 1112 2481 Silano
1137 2431 1324 2493 auxilia,
1343 2431 1429 2478 tria
