1592 2724
292 144 851 193 HISTORIARUM
893 145 1020 193 LIB.
1061 144 1241 194 XXIX.
1330 164 1419 211 119

129 250 315 299 minime
341 253 386 299 id
413 270 550 316 genus
571 252 761 299 militum
789 251 1136 313 aspernabatur:
1161 266 1210 299 ut
1236 253 1314 316 qui
1338 271 1418 300 ne-

128 342 217 387 que
237 326 292 372 ad
312 327 491 373 Cannas
509 326 690 390 ignavia
713 341 871 371 eorum
891 324 1063 370 cladem
1083 339 1309 387 acceptam
1329 326 1417 372 sci-

130 411 226 455 ret,
262 416 410 463 neque
444 400 560 446 ullos
595 414 722 462 aeque
751 410 925 444 veteres
950 398 1113 444 milites
1146 399 1191 443 in
1215 401 1417 448 exercitu

131 472 343 518 Romano
359 472 466 530 effe,
482 470 779 533 expertosque
798 486 893 516 non
910 470 1050 517 variis
1067 470 1236 532 proeliis
1255 473 1416 530 modo,

131 542 204 587 ted
241 543 428 590 urbibus
462 544 595 589 etiam
632 542 959 604 oppugnandis.
999 542 1176 602 Quinta
1211 544 1261 590 &
1298 542 1418 590 sexta

130 614 386 661 Cannenses
421 626 547 660 erant
588 612 805 676 legiones.
848 630 919 660 eas
963 613 1006 660 se
1043 613 1330 679 trajeffiirum
1368 615 1417 660 in

130 687 327 735 Africam
356 705 457 734 cum
478 685 674 745 dixiffet,
695 686 893 750 singulos
918 686 1079 733 milites
1109 680 1328 749 inspexit:
1347 703 1418 734 re-

130 761 360 825 liffistpoe,
394 777 509 823 quos
545 777 640 806 non
675 760 870 807 idoneos
906 753 1141 819 credebat,
1177 763 1223 807 in
1261 762 1416 809 locum

129 850 291 880 eorum
326 832 542 894 subjecit,
565 850 683 897 quos
715 833 864 881 secum
896 850 951 880 ex
984 835 1107 881 ltalia
1138 835 1416 891 adduxe1·at;

129 903 444 968 supplevitque
463 904 524 950 ita
548 921 620 952 eas
644 905 872 968 legiones,
893 918 940 951 ut
960 906 1138 968 fingulae
1159 906 1260 953 sena
1278 907 1417 954 millia

130 977 181 1023 &
200 977 400 1024 ducenos
423 975 594 1038 pedites
609 1012 622 1034 ‚
651 987 857 1022 trecenos
877 976 1090 1024 haberent
1116 978 1288 1040 equites
1309 998 1321 1026 ε
1341 978 1417 1025 so-

129 1048 306 1095 ciorum
337 1049 443 1095 item
469 1048 615 1095 Latini
644 1047 844 1095 nominis
874 1048 1045 1111 pedites
1077 1050 1331 1114 equitesque
1360 1051 1417 1099 de

128 1121 333 1169 exercitu
360 1121 583 1169 Cannensi
610 1121 730 1184 legit.

195 1195 347 1241 XXV.
386 1196 621 1255 Quantum
652 1193 847 1241 militum
875 1194 922 1240 in
955 1193 1152 1242 Africam
1183 1197 1413 1259 transpor-

129 1277 269 1313 tatum
303 1267 383 1323 fit,
410 1283 506 1313 non
538 1283 686 1329 parvo
722 1283 915 1314 numero
952 1267 1071 1314 inter
1102 1270 1303 1316 austeres
1333 1268 1417 1315 dis-

130 1351 296 1403 crepat.
326 1339 443 1387 Alibi
469 1341 621 1388 decem
652 1340 792 1386 millia
816 1340 1041 1403 peditum,
1066 1342 1157 1388 duo
1194 1343 1334 1390 millia
1365 1344 1416 1391 &

129 1412 351 1459 ducentos
387 1414 591 1476 equite33
627 1413 732 1460 alibi
774 1414 964 1461 sedecim
1003 1415 1144 1462 millia
1182 1418 1418 1479 peditum,

129 1484 253 1532 mille
279 1487 329 1532 &
352 1484 585 1534 sexcentos
607 1486 807 1550 equites;
833 1486 940 1533 alibi
959 1500 1083 1550 parte
1111 1487 1212 1549 plus
1233 1488 1417 1536 dimidia

128 1573 222 1603 rem
260 1557 456 1616 emilam,
491 1557 692 1621 quinque
731 1559 780 1605 &
813 1557 994 1620 triginta
1041 1558 1180 1605 millia
1215 1560 1415 1622 peditum

127 1630 420 1693 equitumque
466 1630 514 1676 in
551 1647 692 1678 naves
729 1631 939 1694 imposita
983 1631 1188 1680 invenio.
1233 1633 1418 1695 quidam

130 1720 227 1750 non
254 1703 455 1766 adjecere
486 1720 724 1750 numerum
747 1705 898 1751 :inter
921 1720 1038 1767 quos
1071 1721 1143 1751 me
1173 1704 1264 1767 ipse
1293 1706 1340 1751 in
1369 1722 1417 1752 re

126 1776 263 1823 dubia
297 1775 410 1838 poni
446 1775 612 1822 malim.
645 1775 852 1833 Ccelius,
888 1788 937 1822 ut
968 1774 1160 1822 abstinet
1194 1793 1420 1836 numero,

127 1847 190 1894 ita
216 1848 271 1894 ad
298 1847 564 1895 immensum
595 1847 895 1894 multitudinis
921 1847 1115 1910 speciem
1138 1860 1280 1912 auget.
1319 1851 1420 1895 Vo-

129 1920 273 1968 lucres
300 1922 355 1968 ad
379 1934 540 1968 terram
562 1920 757 1982 delapsas
783 1920 981 1968 clamore
1001 1920 1196 1967 militum
1214 1921 1295 1979 ait,
1317 1934 1419 1967 tan-

128 2004 310 2057 tamque
330 1993 661 2040 multitudinem
693 1992 998 2040 conscendisse
1025 2009 1160 2040 naves
1178 2029 1191 2050 ,
1208 2007 1257 2040 ut
1280 2010 1418 2039 nemo

127 2065 386 2111 mortalium
421 2077 497 2112 aut
532 2065 580 2111 in
625 2065 776 2124 Italia,
810 2077 886 2112 aut
920 2064 966 2110 in
1001 2065 1181 2123 Sicilia,
1224 2064 1418 2128 relinqui

129 2137 374 2185 videretur.
408 2136 575 2182 Milites
615 2149 666 2184 ut
699 2137 746 2183 in
780 2153 922 2189 naves
951 2136 1111 2183 ordine
1139 2153 1190 2182 ac
1222 2136 1311 2183 sine
1347 2150 1419 2183 tu-

129 2208 276 2255 multu
307 2207 683 2268 conscenderent,
704 2209 794 2272 ipse
825 2226 921 2256 eam
952 2208 1031 2255 fibi
1066 2226 1218 2255 curam
1255 2209 1416 2257 sumsit.

129 2280 336 2328 nauticos
368 2282 422 2328 C.
452 2281 641 2339 Laelius,
677 2283 755 2344 qui
785 2282 926 2329 claffis
955 2281 1188 2344 praestitus
1220 2294 1341 2339 erat,
1369 2281 1421 2333 in.

132 2353 347 2411 navibus,
362 2368 463 2399 ante
479 2353 780 2401 conscendere
797 2356 976 2401 coafflos
988 2386 1001 2410 ‚
1017 2353 1259 2400 continuit.
1276 2354 1418 2400 Com·
1486 2402 1489 2404 ,

131 2436 301 2473 meatus
318 2426 584 2489 imponendi
598 2429 665 2476 M.
684 2428 948 2492 Pomponio
963 2426 1146 2491 praetori
1167 2443 1270 2474 cura
1289 2427 1417 2474 data:

1051 2501 1094 2546 H
1129 2515 1160 2557 4
