1592 2724
232 147 324 209 368
589 142 1154 191 T1T1L1v11

231 253 371 302 cellus
393 250 551 301 consul
584 250 631 297 in
655 250 808 298 locum
830 251 884 297 C.
902 248 1158 312 Sempronii
1178 247 1416 306 Tuditani,
1438 247 1518 312 qui

230 342 400 392 praetor
430 326 476 373 in
514 324 726 387 Hispania
763 323 1031 370 decesserat:
1073 324 1123 370 &
1156 325 1204 369 L.
1232 323 1434 369 Valerius
1469 321 1516 367 in

228 403 385 450 locum
406 403 471 448 M.
492 398 701 447 Cornelii
718 397 921 461 Cethegi.
958 400 1013 444 Et
1031 399 1091 457 Q.
1111 397 1269 444 Fabius
1291 397 1519 443 Maximus

230 493 370 540 augur
388 486 592 521 mortuus
616 470 679 517 est
697 471 941 517 admodum
962 469 1243 529 adolescens,
1265 470 1519 534 priusquam

232 550 374 596 ullum
412 544 715 608 magistratum
752 556 960 605 caperet:
996 561 1080 591 nec
1112 561 1170 591 eo
1208 560 1331 590 anno
1377 559 1518 606 augur

233 624 280 670 in
314 621 410 684 ejus
444 622 597 666 locum
631 618 693 664 est
725 617 943 665 suffeffiis.
984 617 1184 666 Comitia
1216 617 1320 664 inde
1352 615 1518 664 consu-

231 697 340 743 laria
373 693 522 741 habita
550 710 574 739 a
609 693 673 738 M.
699 691 916 738 Marcello
948 692 1148 739 consule.
1186 691 1323 738 creati
1354 689 1519 738 consua

229 772 293 817 les
320 772 372 818 L.
396 768 602 815 Valerius
633 765 843 823 Flaccus,
882 766 946 811 M.
969 765 1155 812 Porcius
1178 766 1313 812 Cato.
1344 765 1519 810 Praeto-

232 861 302 890 res
336 842 439 888 inde
477 839 579 887 faffl
613 840 666 887 C.
703 837 931 885 Fabricius
967 837 1214 896 Luscinus,
1253 839 1308 886 C.
1340 837 1521 884 Atinius

230 917 384 965 Labeo
405 952 418 973 ‚
449 916 537 962 Cn.
566 913 765 960 Manlius
795 911 971 970 Vulso,
1004 913 1088 973 Ap,
1121 910 1335 958 Claudius
1368 912 1519 963 Nero,

231 993 279 1039 P.
313 990 531 1048 Manlius,
561 989 608 1035 P.
636 986 822 1034 Porcius
848 989 989 1032 Laeca.
1026 984 1193 1031 AEdiles
1225 984 1426 1041 curules,
1455 988 1520 1031 M.

233 1066 419 1113 Fulvius
453 1062 671 1110 Nobilior
711 1062 760 1108 &
793 1062 846 1107 C.
882 1059 1155 1115 Flaminius,
1193 1057 1331 1106 tritici
1371 1058 1522 1105 decies

233 1152 415 1189 centum
445 1136 583 1184 millia
611 1135 728 1182 binis
754 1135 853 1181 aeris
885 1135 1061 1197 populo
1091 1132 1367 1182 diviserunt:
1388 1131 1435 1178 id
1462 1132 1520 1180 C.

231 1212 440 1262 Flaminii
471 1211 664 1258 honoris
693 1209 820 1258 causa
843 1209 1006 1271 ipsius,
1039 1206 1259 1269 patrisque
1278 1242 1292 1263 ,
1321 1206 1521 1251 advexe-

231 1301 333 1335 rant
364 1284 501 1333 Siculi
530 1286 741 1330 Romam.
778 1281 1018 1327 Flaminius
1054 1279 1242 1343 gratiam
1275 1277 1367 1339 ejus
1393 1293 1521 1323 com·

232 1361 547 1407 municaverat
577 1372 679 1402 cum
708 1354 896 1417 collega.
931 1351 1044 1399 Ludi
1079 1350 1277 1397 Romani
1306 1351 1356 1397 δέ
1383 1365 1522 1410 appa-

233 1432 319 1479 rati
350 1427 587 1493 magnifice
623 1426 751 1493 sunt,
789 1429 838 1473 &
858 1439 924 1471 ter
956 1423 1042 1470 toti
1072 1420 1311 1468 instaurati.
1353 1418 1521 1466 AEdiles

233 1504 406 1569 plebis,
435 1504 520 1550 Cn.
554 1499 789 1548 Domitius
826 1497 1152 1545 Ahenobarbus
1185 1496 1232 1542 δὲ
1251 1495 1304 1541 C.
1335 1493 1521 1540 Scribo-

232 1580 333 1627 :nius
360 1578 529 1634 Curio,
564 1574 732 1620 multos
763 1571 996 1634 pecuarios
1033 1569 1087 1616 ad
1116 1568 1275 1631 populi
1302 1566 1519 1627 judicium

235 1655 543 1702 adduxerunt:
581 1661 670 1694 tres
692 1663 747 1693 ex
778 1646 843 1690 his
875 1640 1165 1690 condemnati
1194 1640 1317 1693 sunt;
1352 1655 1407 1684 ex
1437 1654 1522 1683 eo-

234 1745 332 1775 rum
364 1722 630 1773 niumm-{cia
660 1719 849 1783 pecunia
871 1717 1010 1762 cedem
1038 1715 1085 1761 in
1113 1713 1254 1760 insula
1286 1712 1426 1758 Fauni
1456 1710 1523 1758 fe-

235 1813 411 1850 cerunt.
441 1798 553 1845 Ludi
574 1794 738 1859 plebeji
765 1810 843 1856 per
864 1791 1052 1838 biduum
1073 1785 1326 1845 instaurati,
1345 1786 1395 1832 &
1412 1801 1522 1847 epu-
1566 1776 1569 1777 ⁷

235 1876 328 1921 lum
353 1873 437 1919 fuit
455 1872 671 1919 ludorum
692 1866 833 1915 causa.

300 1948 457 1994 XLIII.
488 1947 537 1991 L.
570 1941 776 2007 Valerius
794 1940 976 1988 Flaccus
1005 1937 1055 1983 &
1084 1935 1147 1982 M.
1173 1931 1393 1989 Porcius,
1426 1946 1522 1993 quo

237 2021 310 2068 die
347 2018 652 2083 magistratum
685 2017 917 2071 inierunt,
952 2012 1005 2057 de
1043 2006 1297 2073 provinciis
1330 2021 1432 2053 cum
1468 1992 1556 2050 adx

236 2095 438 2143 senatum
465 2078 732 2145 retulifient‚
752 2090 900 2134 Patres
930 2083 1221 2136 censuerunt,
1244 2081 1343 2124 Cum
1371 2081 1417 2123 in
1435 2077 1524 2122 Hi-

228 2171 391 2232 spania
420 2183 582 2213 tantum
617 2165 798 2227 glisceret
825 2164 971 2206 bellum
993 2194 1008 2216 ,
1042 2174 1088 2203 ιιι
1112 2156 1210 2213 jam
1240 2152 1449 2212 consulari
1481 2149 1524 2196 ὃ*

240 2246 338 2289 duce
367 2239 410 2287 δ’
441 2241 619 2286 exercitu
651 2253 753 2297 opus
780 2233 895 2297 effes,
917 2235 1102 2292 placere,
1135 2228 1319 2287 consules
1353 2224 1522 2283 Hispa·

238 2318 357 2362 niam
385 2314 604 2359 citeriorem
636 2307 678 2356 δ’
709 2311 883 2355 Italiam
904 2305 1149 2366 provincias
1182 2315 1257 2346 aut
1290 2313 1522 2356 comparare

239 2389 347 2433 inter
363 2386 444 2447 se,
477 2399 551 2429 aut
565 2382 724 2443 sortiri.
765 2380 866 2424 Utri
886 2376 1105 2436 Hispania
1123 2372 1343 2433 provincia
1362 2367 1521 2427 evenis-

233 2461 326 2522 fit>
354 2472 447 2506 'eum
478 2460 585 2504 duas
613 2456 788 2517 legiones
820 2449 861 2498 Cr
890 2452 1066 2509 quinque
1088 2448 1223 2493 millia
1243 2442 1410 2506 socidm
1430 2444 1523 2496 Lag
