1592 2724
154 149 243 182 122
520 133 1100 186 TITILIVII

144 245 288 289 onmia
321 244 416 290 bene
440 242 602 301 juvetis
622 262 638 289 .-
675 247 796 290 bonis
830 244 1016 290 anilibus
1051 245 1250 291 auxitis:
1276 245 1428 305 stzlvos

147 318 474 380 incolumesque,
492 319 609 366 vic7is
630 322 904 380 perduellibus
928 318 1096 366 vidores
1111 355 1124 377 ,
1136 322 1292 381 spoliis
1309 322 1430 365 deco-

144 408 284 447 ratos,
301 394 447 452 prteda
474 393 638 457 onustos
664 394 1065 453 triumphantesque,
1097 411 1252 438 mecum
1283 395 1431 437 domos

144 468 306 512 reduces
321 468 483 532 ststcuz's
499 485 514 513 .·
549 468 813 512 inimicorum
834 468 1082 532 hostiumque
1107 466 1431 526 ulciscendorum

146 542 309 597 copiam
327 539 492 597 faxitis
507 556 523 583 .·
552 557 711 599 quaeque
732 543 919 599 populus
943 535 1291 600 Cartlzaginienfis
1308 539 1355 581 in
1372 537 1430 580 ci-

144 613 313 657 vitatem
341 614 518 677 ncstram
537 612 676 672 facere
705 616 876 658 molitus
908 614 961 679 est
973 648 987 669 ,
1019 631 1066 658 ea
1097 628 1142 657 ut
1166 612 1272 656 mihi
1295 626 1435 669 popu·

145 686 262 743 loque
280 686 476 730 Romano
505 686 551 730 in
582 687 788 729 civitatem
810 683 1212 749 Carthaginiensium
1244 682 1435 740 exempla

144 761 293 806 edendi
309 758 558 815 facultatem
584 759 704 803 detis.
737 757 991 804 Secundum
1015 773 1086 804 eas
1111 771 1265 819 preces
1296 753 1435 801 cruda

144 842 247 878 exta
277 829 472 877 viciimae
491 865 505 887 ,
534 828 600 875 uti
631 845 730 876 mos
759 829 845 888 est,
884 830 930 876 in
957 847 1078 877 mare
1107 828 1326 892 porricit,
1358 839 1433 873 tu—

143 904 292 967 baque
329 902 500 966 {ignum
535 900 657 947 dedit
683 900 1013 962 proficiscendi.
1048 903 1202 948 Vento
1236 899 1435 947 secundo

144 978 405 1026 vehementi
425 977 525 1024 satis
546 975 737 1039 profeffi
751 1013 766 1034 ,
781 975 984 1024 celeriter
1003 994 1027 1023 e
1049 975 1288 1038 conspec‘Bm
1304 990 1443 1022 terrae·

143 1051 281 1099 ablati
312 1051 412 1098 sunt
431 1069 441 1099 ε
473 1052 521 1099 &
547 1068 572 1098 a
594 1049 779 1096 meridie
800 1048 966 1096 nebula
983 1048 1188 1111 occepit,
1211 1046 1270 1093 ita
1288 1060 1337 1094 ut
1353 1047 1437 1095 vix

140 1125 388 1174 ‘concursus
418 1125 607 1173 navium
635 1124 752 1170 inter
783 1121 825 1170 se
844 1122 1056 1172 vitarent.
1101 1119 1249 1168 lenior
1271 1131 1437 1168 ventus

142 1198 191 1246 in
220 1199 312 1246 alto
347 1198 499 1245 factus.
548 1198 729 1244 nostem
760 1195 1067 1260 insequentem
1104 1194 1258 1240 eadem
1288 1190 1437 1254 caligo

143 1271 370 1318 obtinuit:
396 1272 489 1318 sole
507 1284 614 1318 orto
640 1271 700 1318 est
719 1269 924 1327 discuffa,
951 1270 1002 1315 &
1019 1266 1168 1314 addita
1186 1265 1258 1312 vis
1276 1276 1437 1315 vento.

143 1348 238 1394 Jam
261 1358 425 1393 terram
451 1345 710 1393 cernebant.
747 1344 866 1390 haud
898 1342 958 1388 ita
981 1340 1127 1388 multo
1149 1339 1250 1402 post
1271 1339 1438 1402 guber-

145 1433 280 1466 nator
305 1420 511 1482 Scipioni
537 1419 597 1466 ait
613 1455 627 1478 ‚
654 1439 740 1466 non
762 1423 863 1480 plus
883 1421 1058 1479 quinque
1086 1417 1224 1461 millia
1239 1411 1438 1476 pafficum

145 1494 346 1552 Africam
367 1493 523 1557 abeffl:
554 1497 753 1541 l't‘r‘ercurii
775 1495 1111 1554 promontorium
1129 1490 1179 1550 se
1210 1507 1374 1534 cernere.
1394 1485 1446 1550 fi

135 1568 286 1625 jubent
318 1586 362 1613 eo
397 1570 551 1629 dirigi,
579 1567 678 1623 jatn
709 1569 754 1612 in
779 1583 907 1626 portu
925 1563 1023 1623 fore
1059 1581 1221 1609 omnem
1257 1557 1434 1623 claffim.

147 1640 327 1702 Scipio,
358 1652 407 1686 ut
434 1640 481 1686 in
522 1638 767 1702 conspectu
801 1648 918 1683 terra
953 1634 1069 1693 fuit,
1100 1646 1335 1696 precatus,
1374 1631 1441 1678 uti

143 1711 273 1759 bono
299 1711 560 1775 reipublicae
589 1711 759 1775 suoque
779 1707 980 1756 Africam
1004 1706 1202 1765 viderit,
1232 1705 1336 1752 dare
1356 1721 1441 1751 ve-

148 1784 225 1842 la,
264 1786 315 1832 &t
356 1784 492 1831 alium
532 1784 648 1830 infra
687 1783 881 1830 navibus
923 1780 1142 1828 accessum
1182 1791 1332 1841 petere
1367 1776 1442 1838 ju-

149 1859 239 1906 bet.
271 1862 423 1905 Vento
454 1859 615 1906 eodem
637 1856 910 1904 ferebantur.
942 1866 1141 1902 ceterum
1172 1852 1336 1899 nebula
1361 1850 1440 1898 sub

148 1931 268 1978 idem
295 1931 434 1979 ferme
452 1944 655 1994 tempus,
671 1947 764 1994 quo
782 1930 950 1994 pridie,
966 1941 1127 1975 exorta
1148 1925 1440 1990 conspectum

149 2019 281 2053 terrae
307 2006 501 2064 ademit,
536 2008 587 2053 &
619 2019 783 2052 ventus
815 2015 1046 2067 premente
1072 2001 1234 2049 nebula
1267 2001 1443 2048 cecidit.

150 2081 194 2127 N
199 2097 259 2127 ox
283 2079 442 2126 deinde
470 2078 714 2125 incertiora
731 2078 884 2124 omnia
902 2077 1020 2124 fecit.
1049 2077 1199 2138 itaque
1220 2090 1409 2122 ancoras
1425 2108 1442 2131 ‚

152 2170 209 2199 ne
238 2164 316 2199 aut
346 2152 462 2198 inter
490 2150 530 2197 se
555 2162 878 2198 concurrerent
908 2165 1075 2208 naves,
1107 2160 1184 2196 aut
1217 2161 1347 2195 terrae
1368 2147 1442 2194 in-

150 2225 404 2283 ferrentur,
435 2224 593 2285 jecere.
629 2223 719 2270 Ubi
749 2222 929 2281 illuxit,
962 2234 1128 2270 ventus
1152 2221 1269 2267 idem
1297 2235 1441 2267 coor-

150 2312 222 2345 tus
241 2333 254 2355 ,
286 2297 449 2344 nebula
471 2295 646 2356 disjeEia
663 2331 677 2354 ‚
707 2296 881 2358 aperuit
915 2295 1072 2342 omnia
1089 2294 1257 2341 Africae
1288 2293 1439 2339 litora,

150 2369 330 2432 Scipio,
355 2369 481 2433 quod
511 2369 616 2415 effet
640 2368 904 2430 proximum
924 2367 1324 2431 promontorium,
1343 2382 1442 2428 per·

155 2455 365 2490 comatus
388 2477 403 2502 ‚
440 2459 543 2490 cum
579 2441 762 2489 Pulchri
796 2440 1169 2505 promontorium
1200 2438 1248 2485 id
1284 2435 1446 2487 vocari
