1592 2724
232 177 327 224 430
581 153 1141 221 T1T1Liv11

296 267 475 313 XLVII.
509 266 601 312 Jam
630 264 681 311 hi
705 277 830 310 extra
863 263 1033 309 vallum
1053 260 1332 324 pugnabant,
1351 270 1509 322 quarta

228 340 409 404 legione
442 339 489 384 in
525 352 656 400 porta
689 338 912 395 haerente,
944 353 1047 384 cum
1079 334 1190 381 alius
1219 333 1433 380 tumultus
1453 349 1510 378 ex

230 412 382 460 aversa
404 426 525 475 parte
556 411 801 458 castrorum
824 410 884 456 est
904 421 1102 456 exortus.
1124 408 1171 454 in
1188 417 1363 469 portam
1382 423 1510 468 quae-

230 486 410 533 storiam
430 485 682 547 irruperant
701 484 822 530 Galli
851 500 862 527 :
884 481 1216 544 resistentesque
1241 480 1512 543 pertinacius

231 561 493 609 occiderant
522 561 570 605 L.
591 557 870 604 Postumium
889 556 1181 620 quaestorem,
1211 553 1284 600 cui
1301 553 1512 616 Tympa—

232 652 295 682 no
322 634 406 681 fuit
427 648 683 694 cognomen
698 666 711 687 ,
744 631 795 676 ὃς
821 632 887 676 Μ.
908 629 1110 675 Atinium
1125 663 1139 686 ,
1162 629 1211 676 &
1232 629 1278 677 P.
1296 628 1512 688 Sempro-

232 709 354 755 nium
370 742 382 763 ,
400 703 633 767 praefeelos
653 702 847 760 socium,
862 705 912 749 &
932 703 1154 750 ducentos
1174 700 1314 748 ferme
1334 700 1513 747 milites.

233 782 377 842 Capta
397 778 452 824 ab
475 794 525 824 ea
543 788 665 839 parte
687 774 822 822 castra
841 785 992 831 erant,
1014 773 1159 820 donec
1178 774 1345 820 cohors
1364 785 1513 819 extra-

234 848 462 898 ordinaria
478 885 491 905 ,
516 847 638 894 miffa
667 864 690 893 a
716 843 899 893 consule
919 844 974 891 ad
993 844 1204 891 tuendam
1231 844 1515 907 quaestoriam

235 936 431 988 portam,
452 925 498 970 &
517 937 610 980 eos,
632 920 710 984 qui
729 920 845 966 intra
859 918 1027 965 vallum
1047 928 1199 975 erant,
1214 918 1372 979 partim
1394 917 1515 964 occi·

236 1000 301 1046 dit
315 1034 327 1055 ‚
341 996 501 1060 partim
521 994 692 1057 expulit
711 992 877 1051 castris,
896 993 945 1039 &
964 990 1313 1053 irrumpentibus
1328 989 1514 1036 obstitit.

235 1072 410 1121 Eodem
438 1069 529 1115 fere
556 1081 763 1130 tempore
794 1068 843 1113 ὅς
871 1078 1028 1128 quarta
1059 1065 1178 1128 legio
1210 1081 1313 1111 cum
1347 1062 1518 1109 duabus

235 1139 601 1192 extraordinariis
633 1138 899 1186 cohortibus
934 1149 1067 1199 porta
1097 1135 1258 1198 erupit.
1296 1135 1357 1181 ita
1389 1133 1516 1180 fimul

236 1219 319 1267 tria
345 1215 507 1281 proelia
530 1214 646 1261 circa
674 1212 811 1260 castra
839 1210 951 1257 locis
970 1209 1230 1256 distantibus
1250 1220 1399 1256 erant:
1424 1208 1518 1257 cla-

240 1289 476 1352 moresque
497 1286 657 1333 diffoni
673 1287 727 1332 ad
746 1285 943 1331 incertos
961 1283 1141 1329 suorum
1161 1295 1348 1330 eventus
1364 1299 1388 1328 a
1406 1299 1518 1345 prae-

241 1363 352 1412 senti
373 1360 612 1410 certamine
634 1358 808 1405 animos
829 1355 1120 1419 pugnantium
1138 1355 1414 1402 avertebant.
1434 1353 1520 1401 Us-

241 1455 328 1502 que
355 1436 411 1482 ad
438 1433 669 1481 meridiem
697 1430 833 1493 aequis
854 1430 1025 1476 viribus
1040 1466 1051 1487 ,
1073 1447 1123 1477 ac
1147 1446 1289 1492 prope
1306 1429 1401 1491 pari
1419 1428 1520 1491 spe,

242 1520 489 1574 pugnatum
510 1505 583 1552 est.
613 1505 741 1551 labor
769 1505 817 1549 &
844 1503 969 1549 aestus
1003 1503 1158 1548 mollia
1187 1505 1235 1550 &
1257 1502 1391 1548 fluida
1412 1518 1518 1549 cor-

242 1601 354 1648 pora
379 1579 617 1628 Gallorum
634 1613 648 1635 ‚
672 1579 720 1623 &
745 1574 928 1620 minime
950 1574 1157 1635 patientia
1178 1574 1294 1630 fitis,
1320 1589 1421 1619 cum
1441 1572 1520 1618 de-

245 1657 404 1705 cedere
434 1668 583 1716 pugna
610 1648 848 1711 coegisset,
875 1647 920 1692 in
944 1663 1110 1708 paucos
1138 1646 1347 1692 restantes
1376 1646 1522 1707 impe-

244 1742 340 1776 tum
373 1722 572 1771 Romani
608 1719 843 1775 fecerunt,
876 1717 1081 1779 fusosque
1121 1716 1438 1778 compulerunt
1472 1715 1520 1760 in

245 1801 395 1849 castra.
416 1797 602 1860 Signum
628 1792 730 1839 inde
756 1790 953 1853 receptui
985 1809 1008 1836 a
1040 1789 1220 1836 consule
1252 1790 1400 1834 datum
1433 1786 1523 1833 est:

247 1875 303 1922 ad
333 1872 458 1935 quod
491 1885 591 1932 pars
617 1863 762 1926 major
790 1876 1052 1926 receperunt
1076 1861 1195 1916 sese3
1227 1878 1353 1923 pars,
1384 1874 1525 1906 certa-

248 1948 379 1995 minis
409 1944 555 1992 studio
577 1944 625 1990 &
657 1940 728 2003 spe
758 1938 969 2002 potiundi
990 1937 1135 1984 castris
1161 1935 1387 1992 hostium,
1421 1950 1526 1995 per-

250 2020 360 2068 stitit
377 2021 430 2066 ad
452 2018 637 2064 vallum.
676 2017 847 2063 Eorum
877 2010 1094 2075 paucitate
1117 2020 1348 2055 contemta
1364 2043 1377 2064 ,
1401 2005 1524 2053 Galli

249 2092 447 2141 univerfi
484 2109 537 2137 ex
572 2088 716 2137 castris
751 2096 1017 2149 eruperunt:
1054 2082 1133 2128 fusi
1167 2081 1268 2126 inde
1303 2077 1528 2134 Romani,

250 2184 353 2228 quae
385 2163 577 2226 imperio
612 2160 804 2208 consulis
843 2159 1114 2213 noluerant,
1156 2153 1235 2201 suo
1271 2167 1440 2214 pavore
1475 2165 1525 2195 ac

252 2255 425 2288 terrore
450 2238 585 2285 castra
618 2247 836 2298 repetunt.
875 2232 933 2278 ita
963 2231 1088 2277 varia
1117 2227 1221 2274 hinc
1250 2239 1381 2289 atque
1401 2224 1525 2270 illinc

254 2330 375 2359 nunc
396 2311 500 2375 fuga
516 2347 530 2367 ‚
559 2325 679 2355 nunc
701 2306 890 2353 vicloria
911 2305 1007 2351 fuit.
1040 2302 1277 2349 Gallorum
1304 2313 1448 2346 tamen
1471 2296 1526 2342 ad

253 2384 466 2432 undecim
495 2382 661 2439 millia,
683 2382 995 2426 Romanorum
1017 2375 1214 2439 quinque
1240 2371 1402 2427 millia,
1428 2368 1528 2417 sunt

256 2458 412 2507 occisa.
445 2456 566 2505 Galli
595 2470 801 2518 recepere
832 2452 877 2499 in
904 2451 1059 2498 intima
1092 2447 1252 2495 finium
1273 2443 1374 2493 sese.
