1592 2724
212 132 333 207 254'
570 140 1132 189 T1T1L1v11

209 245 523 309 oppidumque
556 244 608 292 iis
636 245 859 303 reddidit,
888 247 1095 309 praefidio
1124 246 1280 294 valido
1308 246 1493 310 imposta

207 335 272 368 to,
316 338 414 367 nam
433 323 483 368 &
502 321 578 367 {ita
606 334 863 383 opportune
893 323 997 368 urbs
1019 335 1111 368 erat
1139 323 1193 368 ad
1219 323 1409 384 impetus
1445 323 1492 367 in

209 394 529 441 Macedoniam
547 393 791 442 faciendos,
809 398 871 442 lta
887 396 1127 459 peragratis
1141 395 1337 443 hostium
1357 396 1496 458 agris,

209 467 369 515 consul
386 467 430 512 in
461 468 560 513 loca
580 467 666 528 jam
695 481 849 530 pacata
868 470 921 515 ad
942 469 1235 531 Apolloniam
1252 505 1266 527 ,
1284 470 1400 516 uude
1422 487 1495 516 or·

210 541 280 589 sus
315 541 481 588 bellum
515 552 635 597 erat,
671 541 824 602 copias
850 541 1040 588 reduxit.
1073 543 1333 605 Philippum
1361 559 1493 589 aver-

210 626 356 660 terant
387 611 556 667 AEtoli,
593 613 643 659 ὃ(
671 612 967 672 Athamanes,
1001 616 1049 662 &
1083 614 1312 668 Dardani,
1345 615 1395 661 &
1425 625 1496 661 tot

210 688 329 735 bella
364 702 549 747 repente
581 686 663 732 alia
695 703 751 733 ex
783 687 879 735 aliis
918 688 1032 735 locis
1063 703 1234 736 exorta.
1272 688 1497 737 Adversus

211 758 455 807 Dardanos
468 793 481 815 ,
496 756 582 816 jam
597 757 863 820 recipientes
882 775 937 804 ex
951 761 1220 807 Macedonia
1239 760 1346 819 sese,
1364 761 1500 807 Athe-

213 849 429 897 nagoram
462 848 566 879 cum
598 831 817 894 expeditis
845 832 1070 894 peditibus
1100 851 1151 880 ac
1179 834 1350 896 majore
1374 845 1499 897 parte

213 904 441 966 equitatus
474 902 589 949 mifit
609 938 623 960 ,
660 901 821 964 juffum
853 903 1012 950 instare
1049 903 1106 950 ab
1136 916 1263 967 tergo
1294 906 1499 953 abeunti-

213 978 320 1031 bus,
346 977 418 1033 &,
437 975 661 1037 carpendo
678 974 951 1037 postremum
972 992 1127 1038 agmen
1143 1013 1156 1034 ‚
1175 977 1401 1040 segniores
1421 995 1501 1027 eos

216 1052 269 1098 ad
294 1049 553 1096 movendos
580 1048 720 1095 domo
745 1048 967 1096 exercitus
991 1050 1181 1097 efficere.
1210 1050 1388 1098 AEtolos
1403 1053 1502 1099 Da·-

214 1124 437 1178 mocritus
465 1134 658 1186 praetor,
689 1123 767 1185 qui
799 1139 941 1169 morae
968 1124 1022 1169 ad
1051 1124 1380 1171 decernendum
1407 1125 1504 1171 bei-

217 1199 310 1244 lum
342 1196 397 1243 ad
427 1196 708 1258 Naupachlm
737 1195 892 1243 auctor
921 1194 1096 1252 fuerat,
1132 1196 1250 1242 idem
1285 1196 1504 1260 proximo

217 1271 421 1319 concilio
442 1272 495 1316 ad
523 1286 642 1316 arma
664 1269 925 1317 conciverat
944 1288 954 1316 ε
983 1269 1082 1332 post
1108 1269 1270 1316 famam
1291 1270 1506 1333 equestris

216 1345 272 1391 ad
304 1343 615 1404 O&olophum
646 1360 808 1406 pugnae
827 1379 840 1400 ,
875 1343 1291 1407 Dardanorumque
1312 1345 1360 1390 &
1378 1344 1505 1389 Pleu-

217 1416 301 1462 rati
330 1433 432 1462 cum
454 1416 619 1479 Illyriis
637 1415 871 1462 tranfitum
890 1415 936 1461 in
958 1415 1276 1462 Macedoniam
1293 1452 1306 1473 ,
1333 1417 1389 1462 a‘d
1408 1417 1506 1462 haec

219 1489 360 1537 claffis
380 1490 602 1535 Romanae
620 1489 865 1535 adventum
885 1489 930 1534 in
947 1490 1121 1535 Oreum
1139 1525 1152 1547 ,
1171 1490 1222 1536 ὃ(
1236 1526 1248 1544 ,
1266 1489 1397 1552 super
1418 1489 1508 1536 cir-

221 1560 442 1609 cumfusas
474 1572 544 1606 tot
570 1561 856 1606 Macedoniae
881 1573 1061 1623 gentes,
1092 1562 1361 1608 maritimam
1387 1578 1506 1625 quo-

219 1657 308 1705 que
330 1639 564 1686 instantem
589 1638 887 1685 obsidionem.

287 1713 405 1758 XLI.
439 1712 520 1756 Hae
556 1711 694 1758 causae
721 1711 1044 1758 Damocritum
1080 1712 1346 1775 AEtolosque
1379 1711 1507 1758 resti-

221 1798 401 1834 tuerant
432 1786 680 1832 Romanis:
714 1787 794 1842 &,
825 1784 1130 1848 Amynandro
1164 1802 1265 1849 rege
1300 1787 1511 1833 Athama-

225 1879 330 1907 num
356 1861 569 1922 adjuncto
587 1897 600 1919 ,
620 1859 810 1923 profecti
829 1859 1093 1906 Cercinium
1111 1858 1338 1907 obsedere.
1369 1860 1512 1906 Clau-

227 1934 370 1980 ἴοι-ειη
390 1945 543 1996 portas
557 1968 571 1988 ,
599 1934 821 1980 incertum
841 1931 890 1978 vi
911 1969 925 1988 ,
947 1949 1002 1978 an
1024 1931 1259 1980 voluntate
1278 1950 1288 1978 :
1316 1932 1421 1996 quia
1439 1950 1511 1979 re-

226 2007 350 2071 gium
383 2008 606 2053 habebant
642 2006 904 2069 praefidium.
943 2007 1162 2052 Ceterum'
1195 2007 1310 2053 intra
1343 2024 1512 2070 paucos

230 2081 322 2127 dies
351 2093 534 2143 captum
569 2079 630 2125 est
657 2079 921 2125 Cercinium
942 2114 955 2136 ,
982 2090 1115 2141 atque
1148 2079 1391 2128 incensum.
1436 2081 1513 2143 qui

228 2151 536 2215 iiiperfuerant
561 2168 584 2196 e
612 2167 768 2214 magna
799 2150 951 2208 clade,
981 2149 1111 2195 liberi
1139 2149 1370 2214 servique,
1397 2151 1513 2196 inter

230 2240 422 2274 ceteram
450 2225 641 2287 praedam
671 2223 862 2270 abducti.
894 2227 931 2269 Is
958 2223 1097 2270 timor
1121 2240 1279 2269 omnes
1299 2259 1312 2281 ,
1330 2222 1406 2285 qui
1428 2222 1515 2268 cir-

228 2299 493 2347 cuincolunt
518 2296 691 2343 Boeben
712 2298 945 2359 paludem,
968 2295 1128 2342 reliffis
1150 2296 1359 2351 urbibus,
1379 2310 1515 2340 mon-

228 2387 292 2419 tes
319 2373 466 2436 coegit
486 2383 646 2435 petere.
672 2372 834 2428 AEtoli,
856 2370 1008 2433 inopia
1030 2371 1191 2432 praedae
1215 2369 1316 2415 inde
1346 2367 1512 2426 aversi,

227 2444 272 2491 in
293 2445 586 2494 Perrhaebiam
605 2445 668 2491 ire
686 2456 889 2507 pergunt.
912 2442 1123 2505 Cyretias
1143 2441 1203 2488 ibi
1228 2441 1276 2489 vi
1298 2441 1510 2504 capiunt,
