1592 2724
174 136 266 200 326
523 135 1082 186 T1T1L1V11

170 242 214 288 se
247 241 471 305 conspecti
493 243 656 301 effent,
681 244 1004 303 constiterunt3
1029 245 1214 295 nuntios
1239 247 1288 295 in
1315 247 1453 297 castfla

172 312 400 369 remissos,
424 313 528 377 qui,
554 315 664 378 quid
695 316 802 375 fibi,
831 334 932 364 cum
967 330 1128 381 praeter
1159 318 1278 382 spem
1310 320 1452 369 hostis

174 385 466 444 occurrisset,
501 387 753 437 faciendum
795 390 925 449 effer,
961 391 1274 448 consulerent,
1310 393 1453 456 quieti

174 460 475 522 opperienteS.
500 465 555 510 Et
582 463 663 510 illo
693 464 875 527 quidem
902 464 1001 523 die,
1028 465 1154 513 nullo
1174 467 1289 515 inito
1310 480 1454 516 certa-

174 531 322 589 mine,
339 532 385 578 in
407 533 542 580 castra
560 535 763 581 revocati
780 535 894 582 sunt.
915 537 1100 583 Postero
1120 536 1189 584 die
1215 538 1335 587 circa
1354 539 1453 586 eos-

175 603 277 649 dem
310 606 510 651 tumulos
539 607 736 669 equestre
767 609 979 670 proelium
1012 610 1124 657 fuit:
1156 611 1202 657 in
1233 629 1327 676 quo
1357 629 1454 659 non

176 677 413 726 minimum
445 680 703 728 AEtolorum
743 699 880 744 opera
908 683 1017 746 regii
1051 684 1213 748 fugati,
1244 697 1377 750 atque
1407 687 1455 734 in

177 749 318 796 castra
353 751 572 814 compulsi
600 752 715 800 sunt.
756 756 972 818 Magnum
1007 757 1237 821 utriusque
1266 757 1458 820 impedi-

178 833 381 871 mentum
401 823 456 870 ad
474 841 566 871 rem
593 825 829 888 gerendam
851 825 935 872 fuit
954 844 1057 890 ager
1077 829 1272 876 confitus
1289 829 1459 876 crebris

178 893 448 953 arboribus,
486 896 726 960 hortique,
758 911 808 944 ut
842 899 888 944 in
931 899 1192 947 suburbanis
1228 901 1372 959 locis,
1407 903 1459 948 δε

180 968 404 1015 marciam
417 968 576 1016 itinera
595 970 797 1018 maceriis
812 1007 826 1028 ,
845 974 894 1020 ὃς
909 973 1166 1036 quibusdam
1183 974 1295 1020 locis
1317 974 1459 1020 inter-

181 1037 310 1085 clusa.
345 1042 494 1104 Itaque
524 1042 689 1105 pariter
719 1043 906 1091 ducibus
939 1045 1174 1093 confilium
1209 1046 1299 1092 fuit
1324 1063 1460 1094 exce-

183 1112 319 1160 dendi
336 1131 387 1161 ea
404 1115 611 1179 regione,
630 1120 705 1176 δε,
723 1119 849 1168 velut
865 1136 922 1166 ex
940 1119 1178 1183 praedi-{tm
1197 1121 1329 1168 ambo
1348 1122 1464 1168 Sco-

182 1185 339 1232 tuffam
361 1187 612 1249 petierunt3
634 1191 895 1256 Philippus,
914 1193 986 1256 spe
1006 1192 1307 1242 frumentandi
1327 1194 1461 1249 inde;

181 1259 440 1321 Romanus,
456 1276 505 1311 ut
520 1267 778 1330 praegrefl'us
798 1283 1105 1331 corrumperet
1125 1267 1245 1315 hosti
1265 1266 1466 1314 frumen-

183 1343 243 1378 ta.
270 1334 353 1380 Per
374 1336 490 1384 diem
515 1351 693 1399 totum,
714 1341 819 1405 quia
841 1341 981 1388 colles
1006 1353 1227 1405 perpetuo
1252 1339 1360 1404 jugo
1388 1340 1463 1387 in-

184 1416 409 1466 tererant,
436 1409 565 1456 nullo
588 1411 824 1474 conspecta
851 1412 966 1460 inter
992 1412 1033 1460 se
1060 1413 1169 1461 loco
1203 1412 1372 1477 agmina
1397 1411 1465 1459 ie-

184 1490 305 1526 runt.
332 1481 529 1529 Romani
550 1484 604 1530 ad
628 1485 841 1532 Eretriam
867 1485 1115 1534 Phthiotici
1143 1486 1263 1550 agri,
1291 1485 1465 1547 Philip-

186 1567 268 1612 pus
287 1550 419 1615 super
434 1570 608 1604 amnem
628 1558 907 1606 Onchestum
936 1558 1086 1622 posuit
1102 1559 1254 1607 castra.
1288 1559 1358 1604 Ne
1376 1573 1467 1620 po-

187 1623 304 1670 stero
336 1625 514 1688 quidem
545 1629 647 1688 die,
679 1647 782 1677 cum
806 1630 1036 1694 Philippus
1058 1630 1113 1676 ad
1142 1630 1466 1687 Melambium,

189 1697 315 1759 quod
338 1712 510 1746 vocant
536 1702 766 1750 Scotuffaei
786 1704 904 1768 agri,
938 1703 1178 1764 Quinctius
1205 1702 1322 1751 circa
1338 1702 1465 1750 The-

188 1769 346 1817 tidium
368 1773 594 1822 Pharsaliae
621 1788 750 1824 terrae
772 1777 979 1841 posuisset
1010 1777 1146 1825 castra
1160 1813 1173 1836 ‚
1201 1789 1277 1825 aut
1295 1776 1369 1836 hi,
1390 1788 1465 1823 aut

189 1842 285 1901 illi,
313 1845 392 1892 ubi
424 1846 561 1895 hostis
596 1850 721 1908 ess'et,
756 1850 855 1899 satis
885 1862 1170 1913 compertum
1199 1848 1467 1900 habuerunt.

190 1916 350 1965 Tertio
371 1920 441 1966 die
461 1923 608 1984 primo
629 1924 805 1972 nimbus
822 1924 979 1971 effusus
996 1959 1009 1982 ‚
1030 1923 1134 1970 dein
1153 1923 1300 1986 caligo
1320 1924 1466 1972 noctis

190 1988 410 2037 fimillima
439 1994 669 2042 Romanos
688 2007 811 2042 metu
834 1995 1086 2045 insidiarum
1114 1994 1273 2041 tenuit.

256 2063 351 2110 VH.
380 2064 609 2128 Philippus
627 2068 876 2114 maturandi
896 2067 1067 2113 itineris
1087 2066 1215 2114 causa
1230 2103 1245 2124 ,
1265 2067 1365 2130 post
1383 2067 1469 2120 im·-¹

194 2133 317 2182 brem
350 2136 542 2184 nubibus
573 2139 619 2186 in
647 2152 811 2187 terram
841 2139 1029 2186 demiffis
1062 2138 1177 2186 nihil
1208 2139 1470 2197 deterritus,

193 2205 312 2268 signa
332 2206 436 2256 ferri
453 2208 586 2270 juffit.
616 2210 688 2258 sed
712 2223 800 2258 tam
831 2211 964 2259 densa
989 2211 1137 2275 caligo
1159 2222 1468 2260 oecaecaverat

194 2277 340 2336 diem,
367 2292 417 2328 ut
448 2299 593 2346 neque
623 2282 817 2348 {igniferi
851 2284 1001 2342 viam,
1034 2300 1118 2331 nec
1152 2283 1270 2348 signa
1305 2282 1468 2330 milites

197 2365 429 2400 cernerent
445 2372 462 2411 3
480 2372 639 2419 agmen
664 2357 718 2403 ad
746 2357 943 2405 incertos
964 2356 1184 2404 clamores
1203 2372 1363 2419 vagum
1385 2372 1468 2401 ve-

196 2425 261 2475 lut
279 2443 429 2479 errore
451 2433 680 2482 nouumo
690 2433 956 2481 turbaretur.
971 2429 1234 2498 Stipergreffi
1252 2428 1468 2489 tumulos,
