1592 2724
206 117 301 179 360
557 113 1118 164 T1T1L1v11

203 220 385 269 auribus
405 220 572 284 posset,
593 240 695 271 cum
725 241 805 270 rex
835 224 993 289 gratias
1014 240 1198 288 quoque
1220 223 1261 271 se
1291 224 1489 272 aflurum

204 293 395 351 diceret,
416 293 447 339 fi
468 295 599 357 quid,
620 296 746 359 quod
774 296 819 342 in
846 313 940 343 rem
960 295 1079 342 suam
1101 296 1229 356 esset,
1249 313 1491 360 exprome-

202 377 300 420 ret,
331 382 606 430 magnopere
639 369 679 414 ei
718 368 875 425 suasit,
906 370 1120 432 quoniam
1158 387 1315 432 pacem
1350 370 1493 436 impe-

202 437 379 494 traffet,
401 439 455 485 ad
482 440 738 487 societatem
767 442 1098 505 amicitiamque
1129 443 1365 505 petendam
1386 443 1493 488 mit-

202 523 319 559 teret
348 515 544 563 Romam
573 515 773 578 legat053
797 533 877 574 ne,
905 517 934 562 fi
971 515 1078 579 quid
1106 517 1359 565 Antiochus
1388 532 1491 562 mo-

203 598 335 632 veret
348 621 363 641 ‚
380 586 644 649 exspefiaffe
659 623 671 643 ‚
693 590 742 635 ὅ(
759 600 1017 651 temporum
1036 591 1402 652 opportunitates
1420 607 1491 636 ca-

203 657 342 720 ptaffe
359 658 414 703 ad
434 658 715 716 bellandum,
730 660 876 706 videri
897 661 1051 723 poffet.
1070 663 1139 708 Ad
1162 663 1336 725 Tempe
1352 660 1494 710 Thes-

204 730 339 777 salica
361 730 591 794 Philippus
611 732 673 778 est
691 745 964 780 conventus.
994 734 1071 796 qui
1091 752 1194 782 cum
1210 735 1251 782 se
1268 736 1494 782 missurum

206 805 441 866 extemplo
470 805 641 868 legatos
669 806 989 869 respondissem
1009 808 1250 856 Cornelius
1266 809 1495 857 Thermo-

202 877 341 940 pylas
359 912 374 934 ,
392 877 471 923 ubi
502 877 711 940 frequens
744 878 937 925 Graeciae
961 878 1078 926 statis
1101 879 1255 927 diebus
1277 881 1360 927 effe
1386 879 1497 926 solet

207 963 500 1011 conventus,
535 952 800 1016 (Pylaicum
836 953 1094 1015 appellant)
1126 953 1286 1001 venit:
1320 953 1497 1000 AEtolos

206 1025 437 1088 praecipue
460 1027 666 1081 monuit,
687 1039 734 1073 ut
760 1026 1017 1074 constanter
1037 1029 1084 1075 &
1106 1027 1296 1075 fideliter
1317 1027 1362 1074 in
1389 1027 1498 1073 ami-

206 1098 317 1145 citia
338 1100 501 1162 populi
521 1100 720 1147 Romani
739 1114 1065 1163 permanerent.
1095 1102 1354 1149 AEtolorum
1374 1101 1499 1164 prin-

209 1172 334 1235 cipes
354 1173 429 1219 alii
446 1173 703 1237 interquesti
721 1174 843 1232 sunt,
863 1176 988 1238 quod
1007 1193 1100 1222 non
1119 1176 1235 1222 idem
1255 1192 1359 1239 erga
1379 1174 1499 1220 suam

202 1257 389 1308 ,gentem
424 1247 740 1292 Romanorum
765 1247 938 1294 animus
966 1247 1070 1294 effet
1099 1247 1199 1311 post
1230 1246 1498 1301 vietoriam,

207 1318 290 1381 qui
310 1317 355 1363 in
377 1318 499 1364 bello
521 1318 693 1366 fuisset:
713 1319 786 1366 alii
808 1319 1006 1367 ferocius
1026 1319 1308 1375 incusarunt,
1327 1334 1497 1381 expro-

203 1391 488 1454 braruntque
504 1428 517 1449 ,
540 1397 640 1439 Non
664 1397 787 1440 modo
808 1394 1026 1459 vincisitze
1045 1397 1205 1441 AEtolis
1225 1394 1469 1453 Philzppum
1483 1428 1500 1449 ,

198 1466 286 1529 fid
310 1484 359 1511 ne
383 1466 552 1530 transire
579 1470 739 1528 quidem
767 1471 812 1514 in
845 1469 1046 1514 Graeciam
1070 1471 1287 1513 Romanos
1310 1463 1501 1529 potuiffi.

208 1536 439 1584 Adversus
465 1555 515 1585 ea
536 1538 804 1603 respondere
828 1540 913 1600 (ne
937 1540 983 1586 in
1003 1540 1340 1587 altercationem
1367 1553 1501 1596 exce-

205 1613 338 1658 deret
371 1611 472 1677 res)
503 1630 606 1660 cum
641 1612 941 1676 supersedisset
966 1614 1226 1667 Romanus:,
1260 1614 1403 1658 omnia
1436 1626 1502 1655 eos

210 1705 327 1748 oequa
348 1690 662 1748 impetraturos,
679 1689 730 1754 fi
746 1689 927 1733 Romam
950 1686 1164 1753 nzfiffifzt,
1194 1684 1319 1731 dixit.
1351 1684 1500 1745 itaque

203 1775 270 1805 ex
296 1761 559 1808 auctoritate
591 1761 685 1823 ejus
716 1761 882 1809 decreti
906 1760 1038 1825 legati
1064 1759 1174 1807 sunt.
1205 1760 1339 1806 Hunc
1366 1755 1501 1803 finem

210 1831 379 1877 bellum
402 1849 502 1879 cum
524 1833 739 1898 Philippo
764 1833 936 1881 habuit.

278 1905 499 1953 XXXVI.
529 1908 647 1954 Cum
668 1908 764 1955 haec
785 1907 831 1953 in
861 1904 1038 1954 Graecia
1060 1900 1422 1964 Macedoniaque
1450 1900 1501 1948 δε

206 1973 314 2023 'Afia
337 1992 597 2039 gererentur
612 2015 625 2037 ‚
644 1979 866 2026 Etruriam
892 1975 1095 2024 infestam
1121 1989 1263 2037 prope
1289 1971 1502 2033 conjura-

213 2048 283 2094 tio
318 2048 555 2097 servorum
587 2052 704 2099 fecit.
736 2053 791 2100 ad
818 2050 1101 2115 quaerendam
1132 2046 1502 2110 opprimendam-

208 2140 304 2188 que
331 2126 533 2173 eamM’.
564 2126 732 2173 Acilius
758 2138 952 2189 praetor,
981 2124 1054 2172 cui
1076 2124 1193 2170 inter
1221 2119 1345 2168 cives
1371 2135 1501 2182 pere-

208 2197 454 2263 grinosque
482 2198 728 2261 jurisdiffio
750 2201 1001 2265 obtigerat,
1020 2216 1123 2247 cum
1149 2214 1238 2244 una
1260 2212 1315 2242 ex
1334 2194 1502 2241 duabus

212 2272 390 2334 legione
424 2275 593 2321 urbana
624 2275 794 2334 missus,
824 2275 935 2322 alios
968 2274 1056 2337 jam
1093 2280 1389 2335 congregatos
1413 2285 1501 2330 pu-

213 2346 397 2407 gnando
419 2346 556 2403 vicit;
577 2359 631 2394 ex
656 2347 725 2394 his
745 2348 874 2394 multi
898 2346 1032 2395 occisi
1048 2382 1062 2405 ‚
1081 2344 1209 2392 multi
1232 2341 1372 2405 capti:
1388 2339 1502 2386 alios

213 2416 475 2467 verberatos
500 2420 707 2469 crucibus
735 2421 906 2480 affixit,
928 2419 1005 2486 qui
1036 2418 1262 2484 principes
1288 2412 1501 2476 conjura==
