1592 2724
206 120 297 185 328
572 120 1136 174 T1T1L1v11

204 242 363 272 eorum
393 225 590 275 adventu
618 228 783 291 depulfi
813 229 866 275 ab
901 229 1011 294 jugo
1032 221 1232 280 Romani
1262 249 1354 282 non
1379 247 1482 283 ante

203 297 481 355 restiterunt,
504 315 637 362 quam
665 300 711 345 in
739 301 989 364 planiorem
1019 304 1184 351 vallem
1212 323 1482 368 perventum

203 371 280 417 est.
324 372 395 418 Ne
432 371 565 419 effusa
606 373 946 422 detruderentur
983 375 1118 440 fuga,
1153 378 1394 441 plurimum
1434 381 1482 427 in

203 445 365 492 AEtolis
397 446 624 509 equitibus
648 448 839 509 praesidii
874 448 971 496 fuit.
1001 450 1037 496 is
1067 449 1203 515 longe
1235 464 1328 500 tum
1355 454 1482 517 opti-

203 535 301 564 mus
332 535 468 582 eques
502 520 549 566 in
583 520 761 568 Graecia
789 533 913 569 erat:
943 523 1092 586 pedite
1124 524 1239 571 inter
1265 523 1482 575 finitimos

204 590 519 639 vincebantur.

268 665 383 709 VIII.
400 662 568 710 Laetior
585 680 676 721 res,
696 680 827 727 quam
850 681 934 728 pro
954 667 1145 716 succefl'u
1166 687 1349 734 pugnae,
1369 689 1484 718 nun·

203 738 338 794 tiata,
367 754 470 782 cum
504 735 579 782 alii
615 735 744 799 super
771 736 882 784 alios
911 752 1186 788 recurrentes
1223 759 1279 789 ex
1312 743 1483 805 proelio

203 816 472 874 clamarent,
501 812 654 877 fugere
688 814 877 877 pavidos
913 815 1172 871 Romanos,
1199 815 1391 862 invitum
1431 818 1482 865 δε

204 889 562 938 cun&abund11m
578 925 594 947 ‚
620 890 669 936 ὅ(
692 888 914 934 dicentem
942 898 1108 934 temere
1139 886 1270 951 fieri,-2
1282 905 1379 935 non
1408 888 1481 935 lo-

202 979 306 1010 cum
328 961 407 1009 fibi
435 961 636 1025 placere,
658 976 751 1006 non
773 971 972 1022 tempus,
994 959 1216 1022 perpulit,
1236 971 1287 1006 ut
1316 960 1481 1008 educe-

202 1049 271 1084 ret
299 1053 456 1083 omnes
478 1033 629 1097 copias
652 1034 699 1079 in
720 1033 873 1080 aciem.
902 1033 1024 1079 Idem
1042 1035 1091 1080 δι
1108 1034 1366 1091 Romanus,
1383 1051 1480 1081 ma-

202 1110 269 1173 gis
303 1109 582 1165 necestitate,
607 1125 742 1172 quam
778 1106 1015 1158 occasione
1050 1123 1212 1169 pugnae
1246 1106 1480 1165 industus,

201 1185 321 1234 fecit.
352 1188 556 1234 dextrum
580 1202 725 1232 cornu
742 1220 755 1243 ‚
776 1181 1027 1245 elephantis
1051 1193 1152 1227 ante
1172 1181 1291 1245 figna
1314 1181 1479 1229 instru-

203 1259 306 1318 ἃίς,
328 1260 373 1305 in
403 1259 601 1307 subsidiis
619 1258 831 1320 reliquit:
856 1256 976 1303 laevo
1009 1271 1111 1301 cum
1132 1254 1259 1301 omni
1286 1254 1379 1302 levi
1404 1272 1479 1301 ar-

201 1345 374 1381 matura
395 1333 441 1380 in
473 1334 647 1380 hostem
672 1332 825 1389 vadit;
846 1329 973 1377 fimul
999 1330 1272 1386 admonens,
1290 1348 1380 1375 cum
1399 1331 1480 1391 iis-

202 1410 292 1452 dem
319 1412 621 1454 [Macedonibus
635 1422 920 1469 pugnaturos,
943 1419 1045 1464 quos
1075 1405 1134 1446 ad
1157 1404 1283 1462 Epiri
1300 1403 1480 1461 fizuces,

201 1481 748 1546 montibusfi'uminibufiyue
762 1480 905 1539 fiptos
917 1512 933 1533 ,
961 1475 1069 1521 νὶἑῗα
1090 1477 1279 1520 naturali
1297 1476 1479 1537 dffcul‘

200 1571 282 1601 tate
313 1560 492 1602 locorum
508 1592 521 1613 ‚
549 1554 791 1617 expulifflnc
805 1590 821 1610 ,
846 1555 1004 1613 acieque
1030 1547 1323 1612 expugnaffint
1340 1567 1358 1594 .·
1385 1569 1476 1597 cum

199 1631 278 1679 iis,
304 1647 405 1691 qnos
435 1634 488 1676 P.
524 1632 703 1691 Sulpicii
724 1631 843 1689 prius
873 1627 993 1672 duc-‘la
1032 1625 1253 1688 obfidentes
1290 1627 1476 1672 Eordaeae

199 1705 361 1747 aditum
385 1701 576 1766 vicissim.
604 1707 737 1749 Fama
753 1698 925 1767 stetiffit,
953 1717 1039 1744 notz
1065 1700 1247 1756 viribus,
1271 1702 1476 1745 Macedo-

197 1775 277 1819 niae
293 1793 470 1835 regnum.
489 1778 533 1819 E
536 1794 603 1820 am
623 1793 772 1835 quoque
780 1773 949 1832 famam
959 1773 1126 1817 tandem
1145 1769 1365 1832 evanuiffe.
1379 1771 1474 1820 Jam

196 1858 467 1906 perventum
500 1846 555 1891 ad
582 1845 684 1892 suos
714 1846 762 1893 in
789 1845 878 1891 ima
905 1843 1024 1892 valle
1057 1842 1216 1888 stantes
1245 1855 1366 1899 erat,
1394 1840 1472 1906 qui

196 1916 397 1962 adventu
439 1916 661 1963 exercitus
698 1914 1064 1978 imperatorisque
1105 1928 1300 1975 pugnam
1336 1929 1476 1959 reno-

195 1997 336 2044 vant,
357 1987 615 2050 impetuque
632 1988 749 2035 facio
769 1987 916 2034 rursus
934 1997 1144 2033 avertunt
1166 1984 1351 2032 hostem.
1368 1985 1475 2032 Phi-

195 2057 342 2120 lippus
379 2075 477 2106 cum
501 2059 674 2106 cetratis
705 2062 754 2107 ἃ
781 2076 924 2106 cornu
948 2059 1107 2105 dextro
1136 2057 1363 2120 peditum,
1390 2075 1473 2105 ro-

195 2131 308 2178 bore
322 2131 608 2179 Macedonici
627 2131 872 2190 exercitus‚
894 2148 1024 2195 quarn
1045 2129 1309 2193 phalangem
1327 2146 1471 2177 voca-

193 2201 326 2260 bant,
344 2219 542 2265 propero
569 2202 697 2250 cursu
714 2203 768 2249 ad
792 2202 962 2249 hostem
983 2201 1121 2250 vadit.
1152 2202 1395 2261 Nicanori,
1414 2219 1473 2249 ex

191 2277 448 2337 purpuratis
477 2275 588 2334 uni,
618 2287 667 2321 ut
702 2293 805 2323 cum
839 2275 1020 2339 reliquis
1055 2274 1200 2338 copiis
1233 2274 1469 2322 confestim

192 2346 429 2410 sequatur,
450 2347 650 2410 imperat.
678 2348 829 2394 Primo
844 2384 857 2406 ,
877 2360 927 2394 ut
947 2348 994 2393 in
1020 2347 1171 2410 jugum
1199 2346 1363 2403 evasit,
1389 2347 1468 2404 ὃς,
1487 2366 1499 2376 ·

186 2416 439 2479 jacentibus
466 2419 528 2468 ibi
550 2418 704 2484 paucis
721 2420 852 2468 armis
874 2419 1229 2485 corporibusque
1249 2418 1440 2467 hostium
1449 2454 1471 2479 ‚
