1592 2724
296 172 840 221 HISTORIARUM
874 171 1006 217 ΜΒ.
1037 169 1211 216 xxix.
1301 183 1388 230 137

121 283 205 331 bus
236 293 401 345 agunt,
435 280 639 328 censores
672 277 849 325 interim
878 277 1037 323 Rornae
1072 278 1137 324 M.
1163 274 1315 323 Livius
1341 276 1391 321 &

123 357 176 402 C.
197 354 409 402 Claudius
437 355 632 401 senatum
655 351 974 399 recitaverunt.
1010 349 1197 410 Pinceps
1229 348 1390 395 iterum

120 428 258 475 lechis
291 429 350 488 Q.
380 427 538 475 Fabius
567 425 803 473 Maximus.
839 421 985 469 notati
1021 420 1216 483 septem:
1253 437 1389 467 nemo

121 510 299 557 tamen,
335 499 413 562 qui
444 497 545 544 sella
578 495 722 542 curuli
754 493 936 542 sedisset.
974 494 1098 540 Sarta
1131 492 1243 538 tecla
1277 491 1393 538 acri-

120 584 188 618 ter
205 573 254 619 &
271 589 372 619 cum
394 570 558 617 summa
575 567 660 615 fide
678 579 936 631 exegerunt.
964 565 1085 614 viam
1105 582 1128 612 e
1148 565 1253 612 foro
1274 566 1392 610 Boa-

121 644 193 691 rio
223 644 279 691 ad
308 642 518 701 Veneris,
543 642 594 689 &
622 641 739 688 circa
769 640 896 688 foros
922 638 1132 702 publicos
1148 674 1161 697 ‚
1183 640 1232 685 &
1251 638 1393 684 aedem

121 715 279 762 Matris
314 716 490 777 Magnae
525 712 574 759 in
612 711 781 758 Palatio
821 711 1070 757 faciendam
1111 710 1394 757 locaverunt.

121 792 164 835 V
167 787 318 851 effigal
344 786 476 834 etiam
496 801 669 832 novum
689 801 745 831 ex
765 783 911 830 salaria
928 799 1109 830 annona
1130 781 1393 828 statuerunt.

121 860 318 907 sextante
349 858 408 904 sal
444 858 494 905 &
526 857 686 903 Romae
714 859 762 903 &
791 873 870 919 per
906 868 1046 902 totam
1082 854 1252 900 Italiam
1285 864 1395 900 erat.

121 934 283 979 Romae
317 929 462 994 pretio
495 928 654 975 eodem
672 963 687 986 ‚
717 927 855 988 pluris
886 926 934 972 in
958 925 1069 973 foris
1098 927 1147 972 &
1174 923 1396 972 concilia-

123 1005 267 1063 bulis,
296 1007 344 1053 &
371 1002 461 1049 alio
485 1001 590 1048 alibi
620 1001 768 1062 pretio
795 999 1082 1062 praebendum
1113 999 1397 1045 locaverunt.

124 1079 173 1125 ld
203 1075 394 1139 veffigal
424 1085 729 1122 commentum
755 1072 942 1119 alterum
970 1089 1025 1119 ex
1048 1071 1304 1119 censoribus
1334 1071 1397 1118 sa·

123 1150 182 1196 tis
210 1148 474 1205 credebant,
504 1145 680 1208 populo
709 1145 898 1203 iratum,
932 1145 1058 1207 quod
1089 1144 1246 1207 iniquo
1281 1144 1397 1205 jucli-

125 1222 201 1270 cio
233 1220 464 1284 quondam
507 1219 737 1265 damnatus
773 1217 906 1265 effet:
944 1220 994 1266 ὅ(
1030 1217 1078 1263 in
1119 1217 1266 1280 pretio
1302 1217 1399 1265 salis

125 1291 318 1338 maxime
350 1302 556 1336 oneratas
587 1289 754 1344 tribus,
779 1306 966 1353 quarum
998 1305 1135 1351 opera
1170 1289 1400 1335 damnatus

125 1377 244 1421 erat,
265 1362 514 1411 credebant.
547 1360 651 1408 inde
675 1360 912 1407 Salinatori
941 1360 1076 1408 Livio
1101 1360 1290 1406 inditum
1319 1376 1398 1407 co-

124 1452 336 1501 gnomen.
369 1433 572 1481 Lustrum
605 1432 837 1482 conditum
867 1431 1032 1489 serius,
1051 1431 1157 1494 quia
1185 1447 1264 1493 per
1293 1446 1399 1493 pro-

126 1508 298 1557 vincias
315 1506 573 1554 dimiserunt
587 1504 815 1564 censores,
832 1517 881 1551 ut
899 1504 1070 1551 civium
1086 1505 1401 1551 Romanorum

127 1582 176 1629 in
195 1579 462 1628 exercitibus
475 1614 489 1638 ,
508 1591 700 1642 quantus
717 1578 884 1642 ubique
904 1577 1030 1634 effet,
1051 1575 1289 1622 referretur
1318 1592 1401 1622 nu-

127 1670 290 1701 merus.
322 1652 465 1714 Censa
496 1668 597 1699 cum
626 1650 678 1697 iis
697 1651 888 1698 ducenta
908 1650 1061 1697 decem
1083 1661 1276 1711 quatuor
1295 1648 1401 1694 mil-

126 1726 185 1774 lia
209 1725 461 1772 hominum.
498 1723 701 1771 condidit
727 1723 911 1771 lustrum
941 1725 995 1770 C.
1021 1721 1234 1769 Claudius
1259 1722 1401 1769 Nero.

126 1798 386 1847 Duodecim
425 1797 585 1845 deinde
620 1796 930 1853 coloniarum,
966 1794 1131 1858 (quod
1171 1810 1399 1856 nunquam

128 1885 256 1919 antea
275 1871 435 1918 factum
452 1869 568 1932 erat)
588 1868 885 1916 deferentibus
905 1867 1094 1929 ipsarum
1116 1865 1405 1913 coloniarum

131 1943 414 2000 censoribus,
441 1942 618 1990 censum
650 1952 916 2003 acceperunt
938 1950 1016 1987 :ut
1034 1974 1048 1997 ,
1075 1949 1292 2001 quantum
1314 1954 1401 1984 nu·

131 2033 258 2063 mero
287 2016 500 2073 militum,
521 2026 737 2079 quantum
767 2013 956 2077 pecunia
987 2012 1216 2070 valerent,
1235 2011 1282 2057 in
1313 2028 1401 2073 pu-

131 2089 257 2136 blicis
278 2089 436 2135 tabulis
463 2099 752 2134 monumenta
780 2087 1015 2134 exstarent.
1033 2087 1246 2150 Equitum
1272 2085 1403 2132 dein-

131 2162 186 2209 de
216 2159 371 2207 census
398 2159 467 2222 agi
499 2173 676 2222 coeptus
704 2160 764 2206 est
784 2179 794 2207 ε
814 2162 864 2207 &
892 2160 1026 2207 ambo
1053 2159 1171 2206 forte
1199 2157 1402 2206 censores

131 2251 294 2299 equum
315 2233 544 2296 publicum
564 2234 797 2283 habebant.
818 2235 934 2280 Cum
955 2234 1011 2279 ad
1025 2233 1192 2281 tribum
1212 2232 1402 2278 Polliam

130 2323 321 2358 ventum
345 2307 404 2354 est
419 2343 434 2367 ,
451 2308 498 2355 in
526 2324 613 2370 qua
633 2309 696 2354 M.
720 2308 840 2354 Livii
857 2324 1024 2354 nomen
1042 2319 1163 2365 erat,
1184 2308 1232 2354 δέ
1249 2320 1401 2368 praeco

132 2382 411 2431 etinc'tarettxr
445 2380 578 2427 citare
622 2378 766 2441 ipsum
805 2378 1063 2435 censorem;
1101 2381 1222 2434 Cim,
1258 2375 1405 2438 inquit

130 2455 286 2514 Nero,
308 2455 373 2501 M.
392 2454 587 2501 Livium.-
608 2452 655 2500 ὃ(
668 2486 684 2512 ,
707 2451 799 2501 sive
823 2468 879 2500 ex
901 2452 1067 2500 residua
1088 2451 1138 2499 ὃς
1161 2460 1314 2498 vetere
1345 2447 1403 2502 fis
