1592 2724
267 178 820 227 His-rotztARUM
855 178 979 225 ΜΒ.
1016 180 1230 229 xxxin.
1300 199 1390 248 353

106 284 240 343 tiam,
257 302 391 348 quam
410 285 626 332 indicium
646 284 884 331 hominum
906 286 1072 334 nullius
1093 288 1155 334 rei
1180 289 1396 338 conscio-

106 374 208 403 rum
224 392 237 413 ,
262 372 480 404 metuens.
516 355 785 413 Pifistratu5‚
808 355 963 418 spretis
992 356 1245 417 indicibus,
1266 361 1395 408 The--

106 430 175 477 bis
194 430 365 478 mansit.
400 433 566 477 Servus
589 441 681 477 erat
702 429 969 492 Zeuxippo,
1000 430 1142 476 totius
1160 432 1394 480 internun-

107 504 195 550 tius
226 505 276 551 δε
305 504 502 551 minister
532 502 628 558 rei3
665 519 800 565 quem
830 502 1024 550 indicem
1058 503 1300 553 Pisistratus
1336 509 1395 554 ti·

109 592 264 632 mens,
294 592 351 622 eo
376 575 474 638 ipso
499 574 662 621 timore
694 575 747 619 ad
768 573 984 622 indicium
1006 575 1242 635 protraxit.
1273 576 1395 623 Lite-

109 663 179 694 ras
206 649 261 694 ad
289 647 572 709 Zeuxippum
603 645 766 703 mittit,
790 647 959 707 servum
990 649 1195 707 conscium
1226 653 1396 698 tolleret.

108 724 212 767 Non
240 738 324 767 tam
352 725 544 766 idoneum
574 723 634 765 ad
663 722 878 764 celandam
906 738 987 765 rem
1017 738 1106 765 eum
1141 723 1273 767 videri
1278 722 1396 786 fibi,

106 814 233 857 quam
260 799 319 841 ad
335 798 538 857 agendam
557 794 705 851 fuerit.
742 793 831 839 Has
855 792 934 856 qui
958 793 1071 839 tulit
1092 792 1240 840 literas
1261 830 1274 852 ,
1301 794 1395 856 jus-

107 870 162 916 fit
179 869 415 931 Zeuxippo
443 869 546 913 dare
575 867 922 931 quamprimum.
957 866 1022 923 is,
1057 866 1160 931 quia
1188 884 1284 914 non
1310 870 1395 918 fibi
1420 894 1423 898 ’

107 941 418 991 conveniendi
451 939 544 1001 ejus
563 940 697 1002 copia
723 939 835 994 fuit,
871 939 951 1002 ipsi
980 938 1045 985 illi
1066 939 1230 998 servo,
1259 959 1398 1005 quem

109 1034 168 1064 ex
199 1017 412 1063 omnibus
443 1015 633 1062 domino
655 1013 910 1061 fidiffimum
937 1014 1170 1073 credebat,
1192 1016 1394 1064 tradidit:

110 1091 162 1139 &
187 1090 347 1151 adjecit
362 1125 376 1146 ‚
409 1106 433 1135 a
452 1088 674 1134 Pitistrato
702 1088 756 1134 de
779 1104 825 1133 re
848 1104 1124 1150 magnopere
1143 1089 1397 1151 pertinente

109 1163 165 1209 ad
184 1161 466 1224 Zeuxippum
496 1161 593 1207 effe.
630 1160 920 1207 Conscientia
941 1161 1081 1217 ἰᾶυς,
1101 1178 1203 1208 curn
1226 1175 1394 1209 extem-

109 1233 191 1296 plo
219 1233 484 1279 traditurum
515 1249 586 1278 eas
616 1231 892 1290 affirmasset,
923 1232 1079 1294 aperit.
1114 1233 1318 1280 Perleais
1341 1235 1399 1280 li-

111 1305 245 1364 teris,
279 1304 470 1367 pavidus
498 1304 675 1351 Thebas
708 1303 885 1367 refugit.
922 1305 971 1350 &
1003 1304 1260 1366 Zeuxippus
1290 1305 1395 1370 qui-

110 1379 243 1435 dem,
275 1376 379 1440 fuga
413 1375 528 1423 servi
559 1389 735 1433 motus,
773 1376 968 1422 Athenas
987 1411 1000 1432 ,
1032 1376 1246 1423 tutiorem
1276 1377 1395 1424 exfi-

110 1451 176 1498 lio
212 1450 365 1496 locum
403 1461 554 1507 ratus,
592 1448 820 1495 conceffit.
857 1449 932 1494 De
969 1447 1193 1494 Pisistrato
1229 1449 1395 1512 aliquae

110 1522 380 1586 quaestiones
416 1522 652 1568 tormentis
689 1521 849 1567 habitae
869 1555 884 1579 ,
917 1522 966 1568 &
995 1518 1190 1567 sumtum
1226 1520 1402 1585 suppli-.

109 1595 230 1643 cium
257 1593 332 1641 est.

176 1669 354 1715 XXIX.
386 1666 603 1715 Efferavit
623 1684 673 1716 ea
691 1667 832 1716 caedes
849 1665 1098 1713 Thebanos
1116 1664 1395 1730 Boeotosque

112 1758 272 1788 omnes
292 1740 346 1786 ad
364 1740 632 1788 exsecrabile
652 1742 808 1788 odium
829 1741 1170 1795 Romanorum3
1200 1739 1395 1802 Zeuxip·

113 1831 222 1876 pum
254 1812 503 1875 principem
532 1814 675 1876 gentis
704 1813 749 1859 id
777 1812 946 1859 facinus
971 1811 1200 1859 conscisse.
1236 1813 1291 1859 ad
1322 1829 1398 1860 re-

115 1888 372 1935 bellandum
408 1904 552 1949 neque
589 1888 742 1945 vires,
783 1902 930 1950 neque
965 1886 1123 1932 ducem
1160 1885 1399 1935 habebant.

114 1961 378 2007 Proximum
409 1960 530 2005 bello
566 1961 694 2023 quod
725 1971 847 2016 erat,
882 1959 929 2004 in
959 1957 1250 2005 latrocinium
1288 1976 1401 2006 ver·-

113 2033 173 2091 fi,
207 2033 319 2080 alios
351 2032 578 2095 hospites,
610 2033 721 2080 alios
757 2048 899 2095 vagos
931 2047 1010 2093 per
1048 2031 1235 2077 hiberna
1273 2032 1398 2078 mili·-

116 2118 206 2162 tes,
236 2106 290 2151 ad
311 2106 465 2152 varios
485 2118 786 2152 commeantes
812 2105 935 2162 usus,
961 2103 1260 2166 excipiebant„
1296 2106 1399 2167 qui-

117 2181 218 2226 dam
252 2179 298 2225 in
326 2179 426 2241 ipsis
455 2178 717 2237 itineribus,
751 2179 805 2225 ad
823 2191 954 2225 notas
982 2179 1167 2224 latebras
1188 2177 1400 2223 insidian-

117 2254 266 2310 tibus,
305 2269 403 2314 pars
433 2252 478 2298 in
508 2251 675 2298 deserta
706 2269 782 2314 per
818 2251 1014 2297 fraudem
1042 2248 1296 2295 deversoria
1320 2250 1399 2295 de-

117 2325 238 2374 vesti
257 2325 522 2387 deduffique
542 2323 925 2386 opprimebantur.
947 2321 1175 2384 postremo
1192 2336 1285 2365 non
1301 2335 1400 2366 tan-

118 2411 214 2444 tum
235 2399 372 2455 odio,
408 2396 480 2442 sed
503 2397 636 2444 etiam
663 2396 872 2445 aviditate
904 2397 1092 2458 praedae,
1120 2411 1170 2440 ea
1196 2394 1401 2442 facinora

118 2469 368 2517 faciebant:
398 2469 529 2531 quia,
562 2468 820 2534 negotiandi
846 2467 983 2517 ferme
1010 2467 1146 2576 εειιιίΞ
1167 2481 1400 2531 argentum

186 2538 236 2586 T.
261 2539 354 2583 Liv.
381 2539 479 2583 Vol.
511 2538 566 2583 V.
660 2559 661 2562 ¹
1114 2533 1123 2538 ’
