1592 2724
142 184 230 231 194
496 160 1056 209 T1T1L1v11

135 269 375 326 Additum,
396 283 451 314 ne
474 283 552 330 per
582 265 864 312 induciarum
892 276 1069 327 ren-rpus
1094 262 1183 311 alio
1212 263 1427 327 usquam,‘

135 360 266 406 quarn
310 344 536 398 Romam‚'
565 340 792 385 mitterent
827 352 1021 402 ¹³7³*
1056 339 1127 391 δέ,
1165 337 1426 400 quicunque

135 415 270 479 legati
301 414 623 477 Carthaginem
654 411 904 468 venissent⁹
934 426 989 456 ne
1016 425 1117 456 ante
1151 408 1427 455 dimitterent

135 505 246 548 e05‚
273 505 406 551 quarn
441 488 702 532 Romanum
733 485 1078 547 imperatorem,
1110 482 1189 545 qui
1207 517 1221 539 ‚
1246 482 1295 528 δέ
1328 497 1429 543 quae

135 572 340 625 petentes
358 558 603 611 venissent,
626 555 866 604 certiorem
893 554 1104 602 facerent.
1131 555 1246 600 Cum
1274 552 1429 615 legatis

136 631 582 696 Carthaginienfibus
609 631 805 676 Romam
826 628 936 675 miffi
961 631 1008 675 L.
1029 625 1243 674 Veturius
1268 616 1430 683 Philo,

137 711 187 756 &
209 710 270 754 M.
291 704 485 753 Marcius
504 701 658 760 Ralla,
677 703 727 748 &
746 703 793 748 L.
808 700 963 762 Scipio
982 699 1265 763 imperatoris
1283 697 1432 744 frater.

137 784 221 829 Per
243 796 322 826 eos
349 778 441 824 dies
472 786 750 823 commeatus
774 790 831 819 ex
852 772 1000 820 Sicilia
1020 771 1307 834 Sardiniaque
1329 782 1433 816 tan·-

138 866 231 900 tam
263 849 486 898 vilitatem
520 863 716 895 annonae
744 845 1020 902 effecerunt,
1051 856 1101 891 ut
1135 860 1220 906 pro
1251 843 1434 890 νεξὶιιτε.

140 926 419 973 frumentum
447 932 675 968 mercator
700 917 843 966 nautis
867 918 1157 981 relinqueret.
1190 917 1349 961 Romae
1379 912 1436 961 ad

140 997 354 1047 nuntium
374 994 573 1056 primum
600 989 861 1038 rebellionis
879 988 1320 1052 Carthaginienslum
1341 1000 1435 1032 tre-

140 1071 341 1135 pidatum
367 1068 532 1124 fuerat3
559 1063 779 1127 jussusque
801 1076 895 1110 erat
920 1063 992 1111 Ti.
1018 1062 1234 1110 Claudius
1260 1073 1436 1108 mature

140 1147 190 1194 in
221 1144 421 1191 Siciliam
453 1140 628 1188 claffem
656 1139 838 1195 ducere,
868 1149 1001 1199 atque
1026 1135 1130 1184 inde
1159 1135 1205 1181 in
1233 1125 1437 1181 Africani

142 1217 373 1279 trajicere,
391 1215 439 1261 &
460 1213 570 1260 alter
589 1210 750 1258 consul
770 1212 834 1257 M.
853 1209 1070 1257 Servilius
1089 1208 1145 1254 ad
1163 1208 1319 1254 urbem
1337 1223 1437 1253 mo-

142 1293 258 1347 rari,
274 1289 423 1335 donec
438 1323 452 1346 ‚
472 1301 568 1349 quo
589 1284 702 1332 statu
723 1299 791 1330 res
812 1282 859 1329 in
881 1281 1034 1329 Africa
1051 1281 1187 1328 effent
1200 1316 1215 1339 ,
1233 1280 1437 1328 sciretur.

145 1364 348 1428 Segniter
366 1358 523 1406 omnia
544 1357 593 1404 in
615 1356 917 1419 comparanda
936 1353 1285 1415 deducendaque
1307 1350 1437 1399 claffe

143 1441 200 1488 ab
215 1437 289 1486 Ti.
314 1433 512 1482 Claudio
539 1431 723 1481 consule
750 1430 863 1477 sach
887 1441 1042 1485 erant3
1068 1428 1197 1493 quod
1213 1429 1361 1474 Patres
1381 1426 1437 1472 de

144 1531 256 1580 pace
275 1509 500 1574 Scipionis
525 1506 676 1570 potius
699 1504 933 1552 arbitrium
953 1501 1061 1560 effe,
1083 1502 1246 1564 quibus
1263 1500 1437 1564 legibus

143 1589 346 1643 daretur,
365 1599 498 1646 quam
531 1577 726 1627 consulis
742 1613 756 1635 ,
776 1575 1054 1624 censuerant.
1085 1573 1296 1638 Prodigia
1314 1589 1438 1636 quo-

143 1676 258 1722 que,
285 1655 487 1701 nuntiata
518 1651 594 1698 sub
623 1649 760 1713 ipsam
791 1647 954 1694 famam
981 1645 1269 1702 rebellionis,
1291 1657 1438 1691 terro-

146 1746 241 1777 rem
269 1725 522 1773 attulerant.
549 1721 709 1769 Cumis
739 1719 844 1766 solis
877 1717 1001 1764 orbis
1035 1716 1179 1764 minui
1207 1715 1355 1775 visus,
1386 1717 1439 1763 &

145 1800 264 1865 pluit
293 1796 470 1860 lapideo
501 1792 648 1840 imbri,
676 1793 726 1840 ἃ
753 1791 801 1837 in
822 1790 1060 1837 Veliterno
1091 1805 1200 1852 agro
1230 1799 1346 1834 terra
1368 1787 1439 1834 in-

145 1875 353 1940 gentibus
377 1868 583 1919 cavernis
611 1865 842 1923 consedit,
867 1863 1138 1926 arboresque
1168 1862 1216 1908 in
1239 1859 1437 1924 profun-

146 1949 253 1995 dum
276 1944 455 1993 haustae.
478 1940 639 1988 Ariciae
664 1939 842 1996 forum,
861 1938 911 1984 &
940 1935 1059 1983 circa
1086 1934 1309 1991 tabernae,
1330 1934 1437 1978 Fru-

147 2021 306 2068 sinone
327 2032 481 2062 murus
501 2013 675 2075 aliquot
695 2009 830 2066 locis»,
847 2009 896 2055 &
915 2020 1072 2070 porta,
1086 2008 1140 2054 de
1155 2006 1279 2053 coelo
1298 2005 1410 2052 tabia
1425 2022 1440 2052 t

147 2096 198 2141 &
215 2092 261 2139 in
279 2089 450 2137 Palatio
471 2085 692 2148 lapidibus
713 2082 840 2145 pluit.
862 2081 911 2126 Id
931 2079 1189 2143 prodigium
1209 2095 1337 2124 more
1356 2094 1438 2140 pa-

145 2164 239 2212 trio
267 2156 543 2208 novemdiali
570 2155 721 2211 sacro,
746 2165 888 2200 cetera
909 2150 1065 2197 hostiis
1090 2149 1334 2210 majoribus
1355 2165 1439 2194 ex-

145 2238 282 2302 piata.
308 2235 423 2282 inter
443 2249 544 2295 quae
567 2230 700 2276 etiam
723 2244 941 2291 aquarum
966 2224 1145 2272 insolita
1172 2222 1437 2287 magnitudo

146 2310 193 2356 in
222 2308 487 2371 religionem
510 2302 646 2350 versa.
680 2319 780 2347 nam
803 2301 864 2346 ita
893 2298 1140 2345 abundavit
1158 2294 1360 2350 Tiberis,
1385 2305 1437 2340 ut

150 2385 243 2431 ludi
264 2383 542 2446 Apollinares
557 2416 569 2435 ,
588 2378 712 2424 circo
735 2375 971 2431 inundato,
987 2384 1113 2418 extra
1132 2381 1308 2434 portam
1325 2367 1438 2414 Col-

148 2455 285 2503 linam
306 2456 361 2502 ad
390 2453 529 2508 aedem
557 2449 770 2516 Erycinae
799 2447 983 2496 Veneris
1012 2443 1155 2511 parati
1175 2442 1270 2489 fini.
1302 2441 1439 2491 Cete-
