1592 2724
300 177 850 229 HISTORIARUM
886 183 1013 231 Lm.
1048 186 1220 233 xxxi.
1309 204 1402 252 257

117 304 318 350 pavone,
345 306 439 353 quo
458 289 531 337 sua
553 290 689 336 castra
710 290 1010 353 reliquerant,
1037 295 1169 341 nocie
1191 297 1402 358 proxima

115 361 293 424 dispersi
309 362 531 425 fugerunt.
547 363 751 409 Maximo
766 362 862 408 usui
880 364 964 410 fuit
976 367 1286 429 Amynander,
1303 387 1404 432 quo

114 434 231 481 duce
259 436 555 495 Athamanes,
584 435 795 482 itinerum
817 436 976 499 periti,
1011 437 1193 486 summis
1223 444 1401 488 monti-

115 505 199 553 bus
224 524 303 568 per
332 508 462 555 calles
486 507 669 570 ignotos
698 506 981 570 sequentibus
1012 526 1091 556 eos
1125 511 1326 559 hostibus
1350 516 1398 561 in

114 579 329 626 AEtoliam
359 580 679 642 perduxerunt.
718 596 813 626 non
844 580 903 626 ita
935 581 1102 628 multos
1135 583 1181 629 in
1207 584 1398 647 dispersa

113 651 217 715 fuga
237 670 364 699 error
379 651 529 699 intulit
548 651 595 699 in
616 653 917 700 Macedonum
938 654 1109 718 equites
1125 690 1138 713 ‚
1163 673 1278 719 quos
1297 660 1401 706 luce

111 725 255 786 prima
283 726 512 788 Philippus
531 761 546 783 ,
574 737 627 771 ut
656 725 880 773 desertum
915 727 1139 774 tumulum
1170 728 1314 788 vidit,
1341 731 1398 777 ad

110 798 383 860 carpendum
414 798 608 845 hostium
639 815 797 862 agmen
827 799 956 848 misit.

173 871 327 916 XLIII.
357 870 438 915 Per
463 885 542 916 eos
576 869 668 916 dies
692 872 740 918 &
759 872 1068 936 Athenagoras
1099 874 1243 938 regius
1274 889 1421 939 prat-³.

108 939 272 998 fefins,
306 940 547 987 Dardanos
579 941 843 1003 recipientes
877 942 919 988 se
950 944 997 989 in
1031 943 1139 990 fines
1172 946 1356 1009 adeptus
1377 985 1393 1007 ‚

107 1011 382 1075 postremum
400 1028 556 1075 agmen
578 1011 726 1074 primo
749 1014 962 1061 turbavit.
999 1015 1102 1062 dein
1118 1052 1130 1074 ‚
1157 1019 1395 1082 postquam

108 1085 310 1132 Dardani
333 1084 561 1131 conversls
582 1084 711 1148 {ignis
733 1087 934 1134 direxere
955 1088 1094 1134 aciem
1109 1125 1124 1145 ,
1157 1107 1284 1153 aequa
1304 1109 1394 1154 pu·-

111 1172 197 1218 gna
223 1155 340 1217 justo
369 1155 537 1216 proelio
574 1168 678 1202 erat.
707 1157 786 1201 ubi
820 1157 965 1204 rursus
991 1161 1236 1220 procedere
1271 1163 1395 1208 Dar-

106 1227 209 1274 dani
228 1226 490 1289 coepiffent,
511 1227 661 1289 equite
690 1229 739 1274 &
761 1228 853 1275 levi
871 1242 1097 1277 armatura
1125 1234 1261 1295 regii,
1285 1238 1394 1280 nul·-

107 1298 201 1346 lum
225 1299 321 1345 talis
345 1298 496 1345 auxilii
518 1314 656 1362 genus
683 1299 895 1346 habentes
928 1302 1198 1361 Dardanos,
1226 1321 1394 1353 onera-

106 1384 180 1418 tos
207 1369 515 1417 immobilibus
545 1369 702 1427 armis,
734 1372 986 1418 vexabant:
1013 1374 1179 1422 &loca
1201 1376 1290 1438 ipsa
1311 1380 1395 1424 atl-

108 1443 338 1505 juvabant.
371 1443 521 1489 Occisi
552 1443 764 1505 perpauci
785 1442 914 1499 sunt,
951 1445 1099 1507 plures
1141 1448 1395 1511 vulnerati,

108 1530 264 1578 captus
295 1531 460 1573 nemo,
496 1516 602 1578 quia
635 1531 728 1561 non
764 1517 988 1563 excedunt
1020 1530 1184 1567 temere
1211 1524 1396 1569 ordini-

108 1590 191 1637 bus
212 1589 326 1648 suis,
356 1589 427 1635 sed
456 1588 698 1636 confertim
727 1590 775 1636 &
795 1604 1021 1653 pugnant,
1044 1593 1093 1638 δέ
1116 1594 1294 1643 cedunt,
1327 1599 1392 1644 Ita

106 1662 267 1708 damna
297 1663 508 1707 Romano
532 1674 714 1722 accepta
739 1661 858 1707 bello
875 1698 888 1718 ,
918 1662 1088 1710 duabus
1110 1682 1189 1726 per
1215 1683 1392 1729 oppor-

107 1744 238 1779 tunas
272 1732 584 1794 expeditiones
618 1733 829 1780 coercitis
866 1735 1106 1797 gentibus,
1144 1738 1392 1787 restituerat

108 1804 338 1866 Philippus
351 1840 364 1861 ‚
380 1804 563 1866 incepto
584 1803 718 1863 forti,
737 1822 830 1850 non
855 1805 1069 1869 prospero
1089 1807 1232 1857 solum
1251 1828 1392 1859 even«²

109 1889 172 1924 tu.
209 1878 376 1924 Minuit
404 1878 564 1924 deinde
587 1878 628 1924 ei
649 1878 767 1925 forte
789 1879 937 1925 oblata
955 1897 1022 1926 res
1040 1881 1235 1930 hostium
1256 1887 1392 1933 AEto-

107 1949 259 1996 lorum
275 1967 524 1995 numerum.
543 1951 710 2012 Scopas
728 1950 936 2013 princeps
950 1953 1118 2015 gentis,
1131 1954 1393 2004 abAlexan·

109 2021 204 2068 dria
229 2039 392 2085 magno
427 2040 528 2070 cum
558 2024 759 2086 pondere
793 2023 892 2070 auri
917 2024 972 2070 ab
1006 2041 1109 2088 rege
1139 2028 1390 2076 Ptolemaeo

107 2093 280 2152 miffus,
303 2093 377 2140 sex
408 2094 542 2141 millia
567 2095 768 2158 peditum
788 2097 836 2142 δέ
855 2095 1026 2159 equites
1049 2100 1255 2146 mercede
1276 2117 1392 2150 con-

109 2165 264 2211 ductos
283 2167 530 2230 AEgyptum
551 2168 718 2214 avexit.
753 2185 834 2215 nec
860 2184 916 2213 ex
948 2166 1188 2227 juventute
1204 2172 1392 2219 AEtolo-

107 2255 208 2284 rum
233 2255 490 2301 quenquam
521 2239 789 2303 reliquiffet‚
825 2241 872 2287 ni
904 2243 1202 2299 Damocritus
1221 2280 1236 2301 ,
1269 2262 1393 2294 nunc

105 2311 244 2370 belli,
261 2312 384 2374 quod
405 2310 610 2369 instaret,
628 2329 752 2360 nunc
777 2312 938 2361 futurae
959 2314 1211 2362 solitudinis
1231 2316 1392 2365 admo-

109 2398 248 2440 nens,
287 2382 536 2445 (incertum
565 2402 673 2432 cura
707 2385 851 2448 gentis
869 2421 881 2444 ,
913 2403 969 2432 an
996 2399 1046 2432 ut
1080 2386 1391 2437 adversaretur

107 2456 268 2518 Scopae
284 2492 298 2514 ,
325 2476 479 2520 parum
502 2457 634 2507 donis
656 2458 834 2523 cultus)
862 2474 1035 2523 partem
1057 2458 1290 2522 juniorum
1312 2479 1392 2523 ca-=⁴

174 2529 225 2580 T.
252 2533 368 2580 Livii
402 2537 500 2579 Vol.
528 2538 583 2580 V,
1096 2533 1137 2579 R
