1592 2724
351 199 902 248 HISTORIARUM
937 198 1064 246 LIB.
1099 196 1256 245 XXX.
1368 204 1454 264 1'95

171 325 271 355 rum
299 307 510 356 ludorum
530 307 627 371 ipso
652 307 723 354 die
738 343 751 366 ‚
770 305 913 353 subita
930 304 1163 352 serenitate
1183 316 1282 353 orta
1296 340 1309 363 ‚
1327 320 1463 368 pom-

170 399 252 446 pa,
274 382 379 428 duci
398 394 549 445 coepta
579 381 632 427 ad
661 391 838 443 portam
856 378 1111 435 Collinam,
1139 391 1352 427 revocata
1381 379 1463 425 de-

170 456 390 519 duEtaque
417 456 464 502 in
486 455 656 502 circum
683 453 772 511 est,
796 469 900 500 cum
924 451 1142 499 deceffiffe
1172 451 1275 497 inde
1303 469 1463 515 aquam

172 529 429 576 nuntiatum
459 527 575 575 esset.
620 525 913 588 laetitiamque
946 523 1123 587 populo
1158 524 1207 570 &
1241 523 1356 570 ludis
1386 540 1463 570 ce-

172 600 423 648 lebritatem
468 597 638 647 addidit
671 597 792 646 sedes
837 596 913 644 sua
954 595 1162 644 sollemni
1206 594 1459 659 speElaculo

171 674 358 721 reddita.

197 806 199 808 Ι
244 745 468 792 ΧΧΧΙΧ.
508 742 750 791 Claudium
785 742 1040 800 consulem,
1072 740 1326 805 profeEtum
1363 752 1465 788 tan-

172 817 277 863 dem
305 817 361 864 ab
386 817 522 875 urbe,
548 816 664 863 inter
694 830 853 879 portus
882 815 1109 862 Cosanum
1143 817 1466 862 Lauretanum-

173 908 264 954 que
286 903 421 938 atrox
449 891 518 937 vis
540 888 810 953 tempestatis
841 889 999 935 adorta
1028 888 1075 934 in
1105 904 1270 934 metum
1302 887 1465 951 ingen-

173 976 266 1012 tem
286 964 486 1011 adduxit.
512 962 797 1026 Populonios
818 960 920 1008 inde
939 978 1040 1008 cum
1062 961 1358 1023 pervenisset,
1378 961 1467 1007 ste-

174 1039 380 1103 tissetque
406 1038 495 1098 ibi,
520 1036 627 1085 dum
655 1037 878 1098 reliquum
909 1034 1177 1098 tempestatis
1199 1033 1435 1080 exsaeviret
1451 1066 1470 1091 ,

174 1112 318 1159 Ilvam
345 1111 556 1169 insulam,
589 1111 639 1159 δε
663 1110 718 1157 ab
748 1109 845 1156 Ilva
873 1109 1130 1161 Corsicam,
1155 1125 1179 1154 a
1203 1107 1389 1154 Corsica
1419 1106 1469 1152 in

176 1183 425 1230 Sardiniam
451 1180 638 1243 trajecit.
667 1182 732 1229 Ibi
755 1181 1033 1245 superantem
1058 1179 1241 1227 Insanos
1263 1192 1470 1237 montes,

178 1256 326 1303 multo
360 1257 410 1304 &
447 1255 610 1305 saevior
651 1257 700 1302 δέ
736 1253 1040 1301 infestioribus
1085 1252 1199 1300 locis
1233 1252 1470 1315 tempestas

177 1331 334 1378 adorta
349 1365 363 1389 ‚
383 1329 558 1391 disjecit
579 1329 767 1377 classem.
793 1328 950 1374 Multae
977 1327 1185 1390 quassatae
1218 1343 1472 1372 armamen-

177 1403 323 1467 tisque
345 1404 543 1467 spoliatae
564 1420 723 1450 naves:
746 1403 951 1465 quaedam
972 1399 1133 1448 fraaae„
1153 1403 1215 1447 Ita
1235 1413 1400 1446 vexata
1419 1415 1473 1448 ac

180 1476 372 1525 lacerata
406 1478 544 1525 claffis
583 1479 762 1525 Carales
798 1475 955 1524 tenuit.
998 1474 1077 1523 ubi
1109 1476 1214 1522 dum
1246 1474 1473 1521 fixbdueoe

181 1548 443 1597 reficiuntur
460 1567 618 1608 naves,
639 1551 779 1597 hiems
800 1548 1037 1613 oppreffit:
1062 1548 1474 1609 circumaflumque

182 1622 291 1670 anni
320 1636 495 1685 tempus
512 1659 525 1681 ,
546 1625 596 1671 &
610 1659 624 1681 ‚
645 1623 772 1668 nullo
794 1634 1070 1684 prorogante
1092 1619 1330 1682 imperium
1345 1654 1358 1675 ‚
1377 1620 1476 1681 pri-

185 1709 319 1743 vatus
335 1695 407 1741 Ti.
430 1694 643 1741 Claudius
665 1694 838 1740 classem
864 1694 1059 1739 Romam
1078 1691 1269 1738 reduxit.
1287 1691 1352 1738 M.
1375 1692 1479 1738 Ser-

184 1767 352 1826 vilius,
371 1784 427 1813 ne
445 1766 740 1813 comitiorum
759 1764 885 1813 causa
903 1765 957 1811 ad
978 1763 1136 1812 urbem
1156 1775 1477 1821 revocaretur,

186 1840 404 1887 diflatore
425 1839 544 1887 dieto
571 1842 623 1887 C.
645 1839 841 1887 Servilio
865 1837 1066 1885 Gemino
1081 1871 1095 1897 ‚
1117 1836 1162 1882 in
1184 1835 1477 1899 provinciam

187 1915 252 1962 est
280 1914 522 1978 profeffils.
554 1914 766 1960 Difiator
799 1911 1056 1976 magistrum
1086 1909 1287 1973 equitum
1321 1910 1368 1957 P.
1395 1908 1477 1957 AE-

188 1985 302 2033 lium
321 1987 490 2032 Paetum
510 1984 638 2031 dixit.
657 1986 782 2048 Saepe
802 1982 984 2032 comitia
1006 1981 1166 2029 indieta
1186 1979 1342 2044 perfici
1363 1993 1480 2028 tem·-

190 2059 377 2122 pestates
397 2059 743 2122 prohibuerunt.
759 2058 929 2122 itaque,
947 2074 1048 2104 cum
1069 2055 1213 2119 pridie
1232 2055 1330 2102 Idus
1352 2057 1480 2102 Mar-

191 2131 276 2178 tias
310 2143 484 2179 veteres
519 2131 771 2194 magistratu
801 2130 1013 2188 abissent,
1043 2127 1159 2176 novi
1185 2126 1351 2174 suffeffi
1382 2143 1481 2175 non

194 2205 333 2252 essent
348 2239 361 2261 ‚
386 2202 632 2266 respublica
652 2202 742 2250 fine
774 2202 1001 2250 curulibus
1025 2199 1350 2264 magistratibus
1372 2212 1483 2247 erat.

193 2280 251 2327 T.
276 2277 472 2325 Manlius
488 2278 752 2340 Torquatus
778 2276 986 2339 pontifex
1020 2292 1077 2321 eo
1104 2291 1226 2321 anno
1257 2286 1480 2321 mortuus.

196 2352 413 2400 inlocum
434 2349 527 2412 ejus
544 2350 748 2397 fuffeElus
762 2351 815 2397 C.
829 2348 1052 2411 Sulpicius
1072 2345 1231 2394 Galba.
1253 2346 1323 2391 Ab
1338 2348 1386 2393 L.
1403 2345 1481 2392 Li-

197 2424 324 2474 cinio
345 2423 536 2472 Lucullo
564 2426 612 2472 &
637 2427 698 2484 Q.
718 2424 885 2472 Fulvio
906 2422 1107 2469 aedilibus
1140 2418 1366 2466 curulibus
1389 2416 1483 2465 ludi

198 2496 398 2548 Romani
433 2510 500 2546 ter
538 2498 628 2547 toti
658 2497 902 2546 instaurati.
939 2494 1179 2544 Pecuniam
1222 2509 1279 2538 ex
1320 2492 1483 2539 aerario

1121 2568 1166 2613 N
1206 2583 1230 2612 2.
