1592 2724
286 182 831 232 HISTORIARUM
873 185 1007 234 LIB.
1045 185 1220 235 XXXI.
1303 197 1398 253 253'

115 291 263 356 gentis
299 295 349 341 δε
385 294 488 356 ipsae
525 293 852 357 longitudinis,
886 292 1002 338 inter
1035 293 1236 354 objectos
1263 293 1399 341 undi-

113 379 204 428 que
243 383 391 413 ramos
424 367 738 430 impediebant.
793 364 1068 411 Cretensium
1106 383 1193 411 una
1228 367 1396 413 cohors

115 454 213 485 non
248 439 417 486 inutilis
451 451 572 485 erat:
603 438 674 484 sed
706 454 756 484 ea
787 453 971 500 quoque
995 436 1085 498 ipsa
1118 451 1195 494 ut,
1232 437 1263 482 fi
1295 439 1394 501 quis

114 509 333 572 impetum
355 512 518 559 faceret
532 546 546 568 ‚
573 511 619 557 in
639 523 862 572 patentem
884 508 1062 556 vulneri
1081 525 1244 571 equum
1265 510 1394 572 equi-

112 593 295 646 temque
314 585 484 648 sagittas
505 583 734 644 conjicere
762 595 964 645 poterat‚
984 581 1042 628 ita
1063 581 1270 628 adversus
1293 583 1394 629 scu-

113 665 158 699 ta
190 658 392 702 Romana
419 672 502 702 nec
527 656 582 701 ad
603 654 914 715 trajiciendum
949 653 1048 700 satis
1070 670 1274 716 magnam
1297 656 1393 703 vim

115 726 306 773 habebat
322 763 335 784 ,
371 743 453 773 nec
478 727 619 788 aperti
647 728 892 789 quidquam
914 739 1034 783 erat,
1063 727 1187 790 quod
1209 739 1393 788 peteret.

112 802 267 862 Itaque
297 800 342 846 id
370 811 418 846 ut
444 817 611 847 vanum
633 801 708 846 teli
735 816 873 863 genus
898 799 1124 845 senserunt
1144 799 1255 855 effe,
1278 799 1393 847 saxis

112 872 266 933 paffim
285 885 379 920 tota
398 873 515 919 valle
535 871 781 931 jacentibus
804 871 1074 918 incess‘ebant
1103 871 1290 917 hostem.
1318 888 1393 931 ea,

113 940 284 1002 majore
315 960 416 989 cum
447 943 628 1000 sonitu,
664 959 795 1004 quam
828 942 1016 987 vulnere
1048 942 1172 999 ullo,
1201 942 1392 1004 pulsatio

110 1011 342 1059 scutorum
379 1030 617 1076 parumper
649 1014 934 1059 succedentes
968 1013 1198 1059 Romanos
1234 1013 1392 1061 tenuit.

111 1083 311 1142 Deinde,
334 1086 385 1131 iis
405 1102 589 1148 quoque
608 1084 759 1147 spretis
776 1120 789 1140 ‚
808 1084 965 1145 partim
984 1120 998 1140 ‚
1016 1083 1232 1129 testudine
1253 1084 1390 1143 facta,

112 1170 193 1216 per
219 1156 429 1202 adversos
456 1157 624 1202 vadunt
646 1156 818 1202 hostes:
855 1156 1013 1218 partim
1030 1191 1042 1213 ‚
1071 1155 1196 1202 brevi
1226 1157 1393 1203 circui·-

113 1238 162 1271 tu
182 1243 282 1272 cum
306 1227 350 1272 in
370 1227 522 1290 jugum
543 1228 674 1274 collis
701 1227 961 1284 evaslss'ent,
981 1227 1177 1289 trepidos
1202 1244 1255 1274 ex
1274 1246 1392 1289 prae-

109 1299 226 1346 fidiis
260 1300 608 1364 stationibusque
644 1302 916 1347 Macedonas
942 1301 1204 1347 deturbant:
1237 1304 1310 1360 &‚
1342 1315 1391 1350 ut

108 1368 157 1415 in
195 1371 307 1418 locis
341 1373 564 1435 impeditis
600 1373 770 1420 difficili
809 1372 946 1436 fuga,
984 1374 1221 1437 plerosque
1255 1376 1390 1422 etiam

109 1444 398 1493 obtruncant.

145 1549 147 1551 -
178 1519 275 1566 XL.
303 1522 366 1566 Ita
389 1520 599 1584 angustiae
623 1521 800 1568 minore
826 1521 1092 1580 certamine,
1113 1539 1244 1585 quam
1263 1524 1390 1586 quod

108 1592 268 1639 animis
306 1594 663 1657 proposuerant,
705 1596 950 1657 superatae,
987 1597 1036 1642 δε
1070 1595 1115 1641 in
1154 1598 1388 1642 Eordaeam

109 1679 410 1724 perventutn3
444 1665 520 1710 ubi
551 1666 814 1728 pervastatis
850 1667 1000 1728 paffim
1034 1666 1148 1729 agris
1169 1703 1182 1723 ‚
1209 1668 1255 1713 in
1288 1668 1387 1714 Eli-

108 1750 252 1780 meam
284 1735 326 1781 se
358 1736 540 1798 recepit.
581 1737 683 1784 inde
715 1737 932 1800 impetum
963 1738 1010 1784 in
1037 1738 1291 1785 Orestidem
1320 1738 1381 1785 se-

110 1805 204 1862 cit3
234 1807 281 1853 &
303 1807 516 1869 oppidum
536 1810 763 1855 Celetrum
788 1809 849 1856 est
871 1809 1116 1873 aggressus,
1146 1810 1191 1856 in
1227 1811 1386 1874 penin-

108 1877 199 1924 sula
232 1879 374 1926 fitum.
408 1883 546 1928 Lacus
573 1883 741 1928 moenia
770 1881 936 1944 cingit:
969 1882 1159 1945 angustis
1188 1883 1390 1932 faucibus

110 1969 249 1997 unum
277 1969 333 1998 ex
362 1954 615 2000 continenti
644 1955 726 2000 iter
747 1955 820 2002 est.
852 1955 1004 2002 Primo
1034 1956 1114 2001 fitu
1136 1956 1234 2018 ipso
1262 1956 1386 2015 freti,

112 2025 266 2071 claufis
298 2026 468 2086 portis,
504 2027 741 2090 imperium
772 2029 998 2074 abnuere:
1038 2028 1224 2086 deinde,
1261 2029 1388 2091 post-

112 2113 248 2160 quam
274 2097 392 2160 signa
419 2097 551 2155 ferri,
580 2117 631 2146 ac
653 2099 870 2147 testudine
891 2100 1066 2147 succedi
1101 2102 1155 2147 ad
1183 2114 1386 2164 portam,

114 2170 388 2233 obsessasque
410 2171 558 2218 fauces
585 2173 760 2235 agmine
784 2173 973 2220 hostium
990 2175 1222 2233 viderunt,
1244 2175 1388 2237 prius-

109 2260 241 2305 quam
272 2244 578 2305 experirentur
609 2259 858 2303 certamen,
890 2260 1012 2294 metu
1038 2249 1084 2294 in
1108 2249 1385 2297 deditionem

113 2328 351 2361 venerunt.
384 2316 454 2361 Ab
472 2316 656 2362 Celetro
680 2316 727 2362 in
748 2318 1019 2365 Daffaretios
1045 2320 1273 2381 processit,
1308 2337 1388 2366 ur-

114 2385 303 2447 bemque
324 2388 490 2434 Pelium
515 2389 564 2434 vi
600 2390 732 2452 cepit.
771 2389 948 2438 servitia
977 2392 1079 2438 inde
1113 2410 1214 2439 cum
1240 2406 1387 2441 cetera

114 2462 261 2524 praeda
280 2462 492 2522 abduxit,
513 2464 564 2513 &
584 2463 723 2512 libera
744 2464 887 2530 capita
914 2465 1003 2514 sme
1030 2467 1181 2529 pretio.
1203 2467 1387 2516 dimisit:
