<?xml version="1.0" encoding="UTF-8"?>
<!DOCTYPE html PUBLIC "-//W3C//DTD XHTML 1.0 Transitional//EN"
    "http://www.w3.org/TR/xhtml1/DTD/xhtml1-transitional.dtd">
<html xmlns="http://www.w3.org/1999/xhtml" xml:lang="en" lang="en">
 <head>
  <title>
</title>
<meta http-equiv="Content-Type" content="text/html;charset=utf-8" />
  <meta name='ocr-system' content='tesseract 3.04.00' />
  <meta name='ocr-capabilities' content='ocr_page ocr_carea ocr_par ocr_line ocrx_word'/>
</head>
<body>
  <div class='ocr_page' id='page_1' title='image "./historiarumlibri05livyuoft_0218.png"; bbox 0 0 1592 2724; ppageno 0'>
   <div class='ocr_carea' id='block_1_1' title="bbox 217 129 1131 183">
    <p class='ocr_par' dir='ltr' id='par_1_1' title="bbox 217 129 1131 183">
     <span class='ocr_line' id='line_1_1' title="bbox 217 129 1131 183; baseline 0.008 -7"><span class='ocrx_word' id='word_1_1' title='bbox 217 141 308 176; x_wconf 86' lang='lat'>202</span> <span class='ocrx_word' id='word_1_2' title='bbox 567 129 1131 183; x_wconf 88' lang='lat' dir='ltr'>T1T1L1V11</span> 
     </span>
    </p>
   </div>
   <div class='ocr_carea' id='block_1_2' title="bbox 193 237 1500 2497">
    <p class='ocr_par' dir='ltr' id='par_1_2' title="bbox 193 237 1500 1853">
     <span class='ocr_line' id='line_1_2' title="bbox 206 237 1496 312; baseline 0.01 -30"><span class='ocrx_word' id='word_1_3' title='bbox 206 237 411 295; x_wconf 64' lang='lat' dir='ltr'>:Africam</span> <span class='ocrx_word' id='word_1_4' title='bbox 446 241 738 301; x_wconf 82' lang='lat' dir='ltr'><em>deportarent;</em></span> <span class='ocrx_word' id='word_1_5' title='bbox 769 246 1084 307; x_wconf 78' lang='lat' dir='ltr'><em>nuntiarentque</em></span> <span class='ocrx_word' id='word_1_6' title='bbox 1121 248 1183 304; x_wconf 82' lang='lat' dir='ltr'>ei,</span> <span class='ocrx_word' id='word_1_7' title='bbox 1218 264 1296 305; x_wconf 82' lang='lat' dir='ltr'>ut,</span> <span class='ocrx_word' id='word_1_8' title='bbox 1324 247 1375 312; x_wconf 78' lang='lat' dir='ltr'><em>fi</em></span> <span class='ocrx_word' id='word_1_9' title='bbox 1400 266 1496 309; x_wconf 81' lang='lat' dir='ltr'>pax</span> 
     </span>
     <span class='ocr_line' id='line_1_3' title="bbox 208 315 1492 388; baseline 0.006 -26"><span class='ocrx_word' id='word_1_10' title='bbox 208 315 475 382; x_wconf 58' lang='grc' dir='ltr'>εοηνεηὶβέι,</span> <span class='ocrx_word' id='word_1_11' title='bbox 488 320 586 383; x_wconf 80' lang='lat' dir='ltr'><em>sirze</em></span> <span class='ocrx_word' id='word_1_12' title='bbox 611 324 742 382; x_wconf 80' lang='lat' dir='ltr'>pretio</span> <span class='ocrx_word' id='word_1_13' title='bbox 775 341 841 368; x_wconf 84' lang='lat' dir='ltr'>eos</span> <span class='ocrx_word' id='word_1_14' title='bbox 868 324 1272 388; x_wconf 71' lang='lat' dir='ltr'>Carthczgirzierzstbus</span> <span class='ocrx_word' id='word_1_15' title='bbox 1302 328 1492 371; x_wconf 79' lang='lat' dir='ltr'><em>redderet.</em></span> 
     </span>
     <span class='ocr_line' id='line_1_4' title="bbox 207 395 1498 450; baseline 0.008 -10"><span class='ocrx_word' id='word_1_16' title='bbox 207 395 404 442; x_wconf 87' lang='lat' dir='ltr'>Feciales</span> <span class='ocrx_word' id='word_1_17' title='bbox 436 414 537 444; x_wconf 89' lang='lat' dir='ltr'>cum</span> <span class='ocrx_word' id='word_1_18' title='bbox 564 397 611 445; x_wconf 88' lang='lat' dir='ltr'>in</span> <span class='ocrx_word' id='word_1_19' title='bbox 649 399 847 447; x_wconf 82' lang='lat' dir='ltr'>Africam</span> <span class='ocrx_word' id='word_1_20' title='bbox 878 402 934 447; x_wconf 86' lang='lat' dir='ltr'>ad</span> <span class='ocrx_word' id='word_1_21' title='bbox 963 400 1113 448; x_wconf 84' lang='lat' dir='ltr'>foedus</span> <span class='ocrx_word' id='word_1_22' title='bbox 1149 401 1399 450; x_wconf 84' lang='lat' dir='ltr'>feriendum</span> <span class='ocrx_word' id='word_1_23' title='bbox 1434 403 1498 450; x_wconf 88' lang='lat' dir='ltr'>ire</span> 
     </span>
     <span class='ocr_line' id='line_1_5' title="bbox 201 472 1498 540; baseline 0.007 -21"><span class='ocrx_word' id='word_1_24' title='bbox 201 472 500 537; x_wconf 78' lang='lat' dir='ltr'>juberentur3</span> <span class='ocrx_word' id='word_1_25' title='bbox 536 476 640 540; x_wconf 77' lang='lat' dir='ltr'>ipsis</span> <span class='ocrx_word' id='word_1_26' title='bbox 670 479 1029 540; x_wconf 83' lang='lat' dir='ltr'>postulantibus,</span> <span class='ocrx_word' id='word_1_27' title='bbox 1064 478 1498 528; x_wconf 79' lang='lat' dir='ltr'>senatusconsultum</span> 
     </span>
     <span class='ocr_line' id='line_1_6' title="bbox 203 549 1497 624; baseline 0.005 -27"><span class='ocrx_word' id='word_1_28' title='bbox 203 549 255 598; x_wconf 85' lang='lat' dir='ltr'>in</span> <span class='ocrx_word' id='word_1_29' title='bbox 290 551 388 600; x_wconf 84' lang='lat' dir='ltr'>haec</span> <span class='ocrx_word' id='word_1_30' title='bbox 423 554 562 602; x_wconf 85' lang='lat' dir='ltr'>verba</span> <span class='ocrx_word' id='word_1_31' title='bbox 596 555 761 603; x_wconf 57' lang='lat' dir='ltr'>factum</span> <span class='ocrx_word' id='word_1_32' title='bbox 791 557 853 603; x_wconf 88' lang='lat' dir='ltr'>est</span> <span class='ocrx_word' id='word_1_33' title='bbox 886 576 896 603; x_wconf 93' lang='lat'><strong>:</strong></span> <span class='ocrx_word' id='word_1_34' title='bbox 941 562 1006 604; x_wconf 83' lang='lat' dir='ltr'>Ut</span> <span class='ocrx_word' id='word_1_35' title='bbox 1033 562 1182 619; x_wconf 81' lang='lat' dir='ltr'>privos</span> <span class='ocrx_word' id='word_1_36' title='bbox 1212 562 1374 620; x_wconf 80' lang='lat' dir='ltr'><em>lapides</em></span> <span class='ocrx_word' id='word_1_37' title='bbox 1395 560 1497 624; x_wconf 69' lang='lat' dir='ltr'><em>stli-</em></span> 
     </span>
     <span class='ocr_line' id='line_1_7' title="bbox 204 631 1497 697; baseline 0.006 -23"><span class='ocrx_word' id='word_1_38' title='bbox 204 646 268 675; x_wconf 82' lang='lat' dir='ltr'><em>ces</em></span> <span class='ocrx_word' id='word_1_39' title='bbox 277 664 292 688; x_wconf 84' lang='lat'><strong><em>,</em></strong></span> <span class='ocrx_word' id='word_1_40' title='bbox 314 631 540 693; x_wconf 78' lang='lat' dir='ltr'>privasque</span> <span class='ocrx_word' id='word_1_41' title='bbox 570 635 762 680; x_wconf 74' lang='lat' dir='ltr'><em>verbenas</em></span> <span class='ocrx_word' id='word_1_42' title='bbox 778 635 921 695; x_wconf 80' lang='lat' dir='ltr'>secum</span> <span class='ocrx_word' id='word_1_43' title='bbox 940 635 1127 694; x_wconf 75' lang='lat' dir='ltr'><em>ferrent:</em></span> <span class='ocrx_word' id='word_1_44' title='bbox 1158 640 1222 682; x_wconf 77' lang='lat' dir='ltr'>uti</span> <span class='ocrx_word' id='word_1_45' title='bbox 1239 652 1393 697; x_wconf 81' lang='lat' dir='ltr'><em>praetor</em></span> <span class='ocrx_word' id='word_1_46' title='bbox 1409 639 1497 682; x_wconf 82' lang='lat' dir='ltr'>Ro-</span> 
     </span>
     <span class='ocr_line' id='line_1_8' title="bbox 204 714 1498 777; baseline 0.006 -23"><span class='ocrx_word' id='word_1_47' title='bbox 204 727 359 756; x_wconf 75' lang='lat' dir='ltr'>manus</span> <span class='ocrx_word' id='word_1_48' title='bbox 387 714 454 757; x_wconf 83' lang='lat' dir='ltr'>lzis</span> <span class='ocrx_word' id='word_1_49' title='bbox 473 716 716 773; x_wconf 78' lang='lat' dir='ltr'><em>imperaret,</em></span> <span class='ocrx_word' id='word_1_50' title='bbox 745 715 944 773; x_wconf 79' lang='lat' dir='ltr'>utfoedus</span> <span class='ocrx_word' id='word_1_51' title='bbox 960 714 1138 773; x_wconf 64' lang='lat' dir='ltr'><em>ferirent</em></span> <span class='ocrx_word' id='word_1_52' title='bbox 1155 750 1168 773; x_wconf 88' lang='lat'><strong>,</strong></span> <span class='ocrx_word' id='word_1_53' title='bbox 1199 718 1265 761; x_wconf 74' lang='lat' dir='ltr'><em>illi</em></span> <span class='ocrx_word' id='word_1_54' title='bbox 1282 731 1498 777; x_wconf 72' lang='lat' dir='ltr'><em>praetorem</em></span> 
     </span>
     <span class='ocr_line' id='line_1_9' title="bbox 193 787 1500 855; baseline 0.007 -24"><span class='ocrx_word' id='word_1_55' title='bbox 193 787 399 849; x_wconf 68' lang='lat' dir='ltr'>figmina</span> <span class='ocrx_word' id='word_1_56' title='bbox 420 789 643 849; x_wconf 79' lang='lat' dir='ltr'>poscerent.</span> <span class='ocrx_word' id='word_1_57' title='bbox 677 791 839 837; x_wconf 84' lang='lat' dir='ltr'><em>Herbae</em></span> <span class='ocrx_word' id='word_1_58' title='bbox 870 791 915 837; x_wconf 88' lang='lat' dir='ltr'>id</span> <span class='ocrx_word' id='word_1_59' title='bbox 942 808 1082 855; x_wconf 85' lang='lat' dir='ltr'>genus</span> <span class='ocrx_word' id='word_1_60' title='bbox 1105 809 1160 839; x_wconf 86' lang='lat' dir='ltr'>ex</span> <span class='ocrx_word' id='word_1_61' title='bbox 1180 809 1279 840; x_wconf 84' lang='lat' dir='ltr'>arce</span> <span class='ocrx_word' id='word_1_62' title='bbox 1305 793 1500 840; x_wconf 83' lang='lat' dir='ltr'>sumtum</span> 
     </span>
     <span class='ocr_line' id='line_1_10' title="bbox 204 864 1499 918; baseline 0.006 -8"><span class='ocrx_word' id='word_1_63' title='bbox 204 865 301 911; x_wconf 80' lang='lat' dir='ltr'>dari</span> <span class='ocrx_word' id='word_1_64' title='bbox 331 864 564 914; x_wconf 85' lang='lat' dir='ltr'>fecialibus</span> <span class='ocrx_word' id='word_1_65' title='bbox 599 867 725 915; x_wconf 84' lang='lat' dir='ltr'>solet.</span> <span class='ocrx_word' id='word_1_66' title='bbox 762 872 825 916; x_wconf 86' lang='lat' dir='ltr'>Ita</span> <span class='ocrx_word' id='word_1_67' title='bbox 859 870 1019 916; x_wconf 83' lang='lat' dir='ltr'>dimiffi</span> <span class='ocrx_word' id='word_1_68' title='bbox 1049 870 1105 916; x_wconf 89' lang='lat' dir='ltr'>ab</span> <span class='ocrx_word' id='word_1_69' title='bbox 1133 871 1281 918; x_wconf 88' lang='lat' dir='ltr'>Roma</span> <span class='ocrx_word' id='word_1_70' title='bbox 1307 871 1499 918; x_wconf 83' lang='lat' dir='ltr'>Cartha-</span> 
     </span>
     <span class='ocr_line' id='line_1_11' title="bbox 202 942 1499 1011; baseline 0.006 -24"><span class='ocrx_word' id='word_1_71' title='bbox 202 942 423 1007; x_wconf 83' lang='lat' dir='ltr'>ginienses</span> <span class='ocrx_word' id='word_1_72' title='bbox 439 980 452 1002; x_wconf 87' lang='lat'>,</span> <span class='ocrx_word' id='word_1_73' title='bbox 481 962 583 992; x_wconf 91' lang='lat' dir='ltr'>cum</span> <span class='ocrx_word' id='word_1_74' title='bbox 604 945 651 991; x_wconf 90' lang='lat' dir='ltr'>in</span> <span class='ocrx_word' id='word_1_75' title='bbox 673 946 874 993; x_wconf 87' lang='lat' dir='ltr'>Africam</span> <span class='ocrx_word' id='word_1_76' title='bbox 895 948 1117 995; x_wconf 72' lang='lat' dir='ltr'>venissent</span> <span class='ocrx_word' id='word_1_77' title='bbox 1138 949 1194 994; x_wconf 85' lang='lat' dir='ltr'>ad</span> <span class='ocrx_word' id='word_1_78' title='bbox 1214 948 1499 1011; x_wconf 83' lang='lat' dir='ltr'>Scipionem,</span> 
     </span>
     <span class='ocr_line' id='line_1_12' title="bbox 203 1017 1498 1088; baseline 0.005 -24"><span class='ocrx_word' id='word_1_79' title='bbox 203 1017 367 1081; x_wconf 85' lang='lat' dir='ltr'>quibus</span> <span class='ocrx_word' id='word_1_80' title='bbox 400 1031 504 1066; x_wconf 85' lang='lat' dir='ltr'>ante</span> <span class='ocrx_word' id='word_1_81' title='bbox 543 1020 711 1069; x_wconf 58' lang='lat' dir='ltr'>dicium</span> <span class='ocrx_word' id='word_1_82' title='bbox 747 1022 810 1069; x_wconf 88' lang='lat' dir='ltr'>est</span> <span class='ocrx_word' id='word_1_83' title='bbox 846 1022 1053 1088; x_wconf 84' lang='lat' dir='ltr'>legibus,</span> <span class='ocrx_word' id='word_1_84' title='bbox 1093 1042 1250 1087; x_wconf 86' lang='lat' dir='ltr'>pacem</span> <span class='ocrx_word' id='word_1_85' title='bbox 1280 1024 1498 1072; x_wconf 85' lang='lat' dir='ltr'>fecerunt.</span> 
     </span>
     <span class='ocr_line' id='line_1_13' title="bbox 203 1097 1500 1169; baseline 0.006 -26"><span class='ocrx_word' id='word_1_86' title='bbox 203 1097 361 1144; x_wconf 82' lang='lat' dir='ltr'>Naves</span> <span class='ocrx_word' id='word_1_87' title='bbox 392 1098 549 1163; x_wconf 85' lang='lat' dir='ltr'>longas</span> <span class='ocrx_word' id='word_1_88' title='bbox 565 1137 578 1159; x_wconf 87' lang='lat'>‚</span> <span class='ocrx_word' id='word_1_89' title='bbox 607 1100 895 1164; x_wconf 82' lang='lat' dir='ltr'>elephantos,</span> <span class='ocrx_word' id='word_1_90' title='bbox 913 1104 1144 1168; x_wconf 80' lang='lat' dir='ltr'>perfugas,</span> <span class='ocrx_word' id='word_1_91' title='bbox 1165 1103 1409 1169; x_wconf 79' lang='lat' dir='ltr'>fugitiv05‚</span> <span class='ocrx_word' id='word_1_92' title='bbox 1428 1121 1500 1151; x_wconf 83' lang='lat' dir='ltr'>ca-</span> 
     </span>
     <span class='ocr_line' id='line_1_14' title="bbox 201 1173 1498 1245; baseline 0.005 -25"><span class='ocrx_word' id='word_1_93' title='bbox 201 1173 440 1237; x_wconf 87' lang='lat' dir='ltr'>ptivorum</span> <span class='ocrx_word' id='word_1_94' title='bbox 460 1190 659 1242; x_wconf 89' lang='lat' dir='ltr'>quatuor</span> <span class='ocrx_word' id='word_1_95' title='bbox 677 1179 816 1226; x_wconf 86' lang='lat' dir='ltr'>millia</span> <span class='ocrx_word' id='word_1_96' title='bbox 840 1181 1134 1230; x_wconf 79' lang='lat' dir='ltr'>tradiderunt.</span> <span class='ocrx_word' id='word_1_97' title='bbox 1165 1182 1283 1229; x_wconf 90' lang='lat' dir='ltr'>inter</span> <span class='ocrx_word' id='word_1_98' title='bbox 1303 1197 1418 1245; x_wconf 88' lang='lat' dir='ltr'>quos</span> <span class='ocrx_word' id='word_1_99' title='bbox 1437 1182 1498 1240; x_wconf 84' lang='lat' dir='ltr'>Q.</span> 
     </span>
     <span class='ocr_line' id='line_1_15' title="bbox 204 1251 1497 1323; baseline 0.005 -25"><span class='ocrx_word' id='word_1_100' title='bbox 204 1251 449 1302; x_wconf 85' lang='lat' dir='ltr'>Terentius</span> <span class='ocrx_word' id='word_1_101' title='bbox 469 1255 638 1303; x_wconf 85' lang='lat' dir='ltr'>Culleo</span> <span class='ocrx_word' id='word_1_102' title='bbox 670 1256 849 1305; x_wconf 86' lang='lat' dir='ltr'>senator</span> <span class='ocrx_word' id='word_1_103' title='bbox 872 1258 970 1306; x_wconf 78' lang='lat' dir='ltr'>fuit.</span> <span class='ocrx_word' id='word_1_104' title='bbox 1005 1261 1158 1307; x_wconf 87' lang='lat' dir='ltr'>Naves</span> <span class='ocrx_word' id='word_1_105' title='bbox 1184 1261 1426 1323; x_wconf 70' lang='lat' dir='ltr'>prove&amp;as</span> <span class='ocrx_word' id='word_1_106' title='bbox 1450 1258 1497 1304; x_wconf 86' lang='lat' dir='ltr'>in</span> 
     </span>
     <span class='ocr_line' id='line_1_16' title="bbox 202 1331 1497 1401; baseline 0.002 -20"><span class='ocrx_word' id='word_1_107' title='bbox 202 1331 343 1381; x_wconf 76' lang='lat' dir='ltr'>altum</span> <span class='ocrx_word' id='word_1_108' title='bbox 375 1331 558 1381; x_wconf 89' lang='lat' dir='ltr'>incendi</span> <span class='ocrx_word' id='word_1_109' title='bbox 600 1334 732 1397; x_wconf 76' lang='lat' dir='ltr'>jussit.</span> <span class='ocrx_word' id='word_1_110' title='bbox 769 1337 1037 1401; x_wconf 84' lang='lat' dir='ltr'>quingentas</span> <span class='ocrx_word' id='word_1_111' title='bbox 1075 1338 1200 1386; x_wconf 85' lang='lat' dir='ltr'>fuiffe</span> <span class='ocrx_word' id='word_1_112' title='bbox 1237 1338 1387 1386; x_wconf 90' lang='lat' dir='ltr'>omnis</span> <span class='ocrx_word' id='word_1_113' title='bbox 1417 1353 1497 1401; x_wconf 87' lang='lat' dir='ltr'>ge-</span> 
     </span>
     <span class='ocr_line' id='line_1_17' title="bbox 202 1409 1500 1479; baseline 0.005 -23"><span class='ocrx_word' id='word_1_114' title='bbox 202 1409 349 1470; x_wconf 86' lang='lat' dir='ltr'>neris,</span> <span class='ocrx_word' id='word_1_115' title='bbox 369 1427 470 1475; x_wconf 86' lang='lat' dir='ltr'>quae</span> <span class='ocrx_word' id='word_1_116' title='bbox 499 1412 633 1460; x_wconf 86' lang='lat' dir='ltr'>remis</span> <span class='ocrx_word' id='word_1_117' title='bbox 662 1426 929 1479; x_wconf 80' lang='lat' dir='ltr'>agerentur,</span> <span class='ocrx_word' id='word_1_118' title='bbox 949 1415 1131 1479; x_wconf 84' lang='lat' dir='ltr'>quidam</span> <span class='ocrx_word' id='word_1_119' title='bbox 1149 1416 1357 1464; x_wconf 84' lang='lat' dir='ltr'>tradunt:</span> <span class='ocrx_word' id='word_1_120' title='bbox 1388 1432 1500 1479; x_wconf 88' lang='lat' dir='ltr'>qua-</span> 
     </span>
     <span class='ocr_line' id='line_1_18' title="bbox 203 1489 1500 1555; baseline 0.001 -20"><span class='ocrx_word' id='word_1_121' title='bbox 203 1504 307 1535; x_wconf 87' lang='lat' dir='ltr'>rum</span> <span class='ocrx_word' id='word_1_122' title='bbox 345 1489 636 1554; x_wconf 64' lang='lat' dir='ltr'>conspeRum</span> <span class='ocrx_word' id='word_1_123' title='bbox 669 1505 856 1555; x_wconf 83' lang='lat' dir='ltr'>repente</span> <span class='ocrx_word' id='word_1_124' title='bbox 890 1492 1149 1540; x_wconf 84' lang='lat' dir='ltr'>incendium</span> <span class='ocrx_word' id='word_1_125' title='bbox 1186 1504 1276 1539; x_wconf 88' lang='lat' dir='ltr'>tam</span> <span class='ocrx_word' id='word_1_126' title='bbox 1311 1490 1500 1555; x_wconf 86' lang='lat' dir='ltr'>lugubre</span> 
     </span>
     <span class='ocr_line' id='line_1_19' title="bbox 202 1565 1498 1637; baseline 0.002 -25"><span class='ocrx_word' id='word_1_127' title='bbox 202 1565 331 1613; x_wconf 77' lang='lat' dir='ltr'>fuiffe</span> <span class='ocrx_word' id='word_1_128' title='bbox 360 1569 546 1627; x_wconf 85' lang='lat' dir='ltr'>Poenis,</span> <span class='ocrx_word' id='word_1_129' title='bbox 580 1586 716 1634; x_wconf 80' lang='lat' dir='ltr'>quam</span> <span class='ocrx_word' id='word_1_130' title='bbox 745 1570 775 1616; x_wconf 92' lang='lat' dir='ltr'>s1</span> <span class='ocrx_word' id='word_1_131' title='bbox 803 1587 898 1617; x_wconf 88' lang='lat' dir='ltr'>tum</span> <span class='ocrx_word' id='word_1_132' title='bbox 920 1569 1009 1633; x_wconf 84' lang='lat' dir='ltr'>ipsa</span> <span class='ocrx_word' id='word_1_133' title='bbox 1041 1570 1273 1637; x_wconf 86' lang='lat' dir='ltr'>Carthago</span> <span class='ocrx_word' id='word_1_134' title='bbox 1308 1568 1498 1616; x_wconf 83' lang='lat' dir='ltr'><em>arderet.</em></span> 
     </span>
     <span class='ocr_line' id='line_1_20' title="bbox 203 1645 1498 1714; baseline 0.001 -22"><span class='ocrx_word' id='word_1_135' title='bbox 203 1647 278 1693; x_wconf 88' lang='lat' dir='ltr'>De</span> <span class='ocrx_word' id='word_1_136' title='bbox 310 1647 510 1712; x_wconf 81' lang='lat' dir='ltr'>perfugis</span> <span class='ocrx_word' id='word_1_137' title='bbox 543 1649 757 1714; x_wconf 84' lang='lat' dir='ltr'>gravius,</span> <span class='ocrx_word' id='word_1_138' title='bbox 789 1666 922 1713; x_wconf 84' lang='lat' dir='ltr'>quam</span> <span class='ocrx_word' id='word_1_139' title='bbox 953 1649 1007 1695; x_wconf 90' lang='lat' dir='ltr'>de</span> <span class='ocrx_word' id='word_1_140' title='bbox 1045 1648 1275 1713; x_wconf 81' lang='lat' dir='ltr'>fugitivis,</span> <span class='ocrx_word' id='word_1_141' title='bbox 1314 1645 1498 1695; x_wconf 86' lang='lat' dir='ltr'>consul—</span> 
     </span>
     <span class='ocr_line' id='line_1_21' title="bbox 201 1725 1498 1791; baseline 0.003 -23"><span class='ocrx_word' id='word_1_142' title='bbox 201 1735 323 1780; x_wconf 76' lang='lat' dir='ltr'>tum3</span> <span class='ocrx_word' id='word_1_143' title='bbox 351 1726 551 1773; x_wconf 83' lang='lat' dir='ltr'>nominis</span> <span class='ocrx_word' id='word_1_144' title='bbox 573 1726 722 1773; x_wconf 89' lang='lat' dir='ltr'>Latini</span> <span class='ocrx_word' id='word_1_145' title='bbox 738 1727 816 1790; x_wconf 83' lang='lat' dir='ltr'>qui</span> <span class='ocrx_word' id='word_1_146' title='bbox 835 1739 988 1787; x_wconf 82' lang='lat' dir='ltr'>erant,</span> <span class='ocrx_word' id='word_1_147' title='bbox 1008 1725 1148 1775; x_wconf 90' lang='lat' dir='ltr'>securi</span> <span class='ocrx_word' id='word_1_148' title='bbox 1166 1726 1355 1791; x_wconf 75' lang='lat' dir='ltr'>percusti</span> <span class='ocrx_word' id='word_1_149' title='bbox 1369 1762 1384 1785; x_wconf 82' lang='grc'>,</span> <span class='ocrx_word' id='word_1_150' title='bbox 1405 1727 1498 1772; x_wconf 79' lang='lat' dir='ltr'>Ro-</span> 
     </span>
     <span class='ocr_line' id='line_1_22' title="bbox 200 1802 806 1853; baseline 0.008 -6"><span class='ocrx_word' id='word_1_151' title='bbox 200 1802 323 1847; x_wconf 84' lang='lat' dir='ltr'>mani</span> <span class='ocrx_word' id='word_1_152' title='bbox 354 1802 399 1848; x_wconf 89' lang='lat' dir='ltr'>in</span> <span class='ocrx_word' id='word_1_153' title='bbox 427 1820 609 1852; x_wconf 82' lang='lat' dir='ltr'>crucem</span> <span class='ocrx_word' id='word_1_154' title='bbox 632 1804 806 1853; x_wconf 80' lang='lat' dir='ltr'>sublati.</span> 
     </span>
    </p>

    <p class='ocr_par' dir='ltr' id='par_1_3' title="bbox 199 1873 1500 2497">
     <span class='ocr_line' id='line_1_23' title="bbox 266 1873 1498 1949; baseline 0.002 -23"><span class='ocrx_word' id='word_1_155' title='bbox 266 1883 429 1930; x_wconf 76' lang='lat' dir='ltr'>XLIV.</span> <span class='ocrx_word' id='word_1_156' title='bbox 457 1873 600 1930; x_wconf 76' lang='lat' dir='ltr'>Annis</span> <span class='ocrx_word' id='word_1_157' title='bbox 629 1896 730 1931; x_wconf 72' lang='lat' dir='ltr'>ante</span> <span class='ocrx_word' id='word_1_158' title='bbox 753 1883 1049 1949; x_wconf 73' lang='lat' dir='ltr'>quadraginta</span> <span class='ocrx_word' id='word_1_159' title='bbox 1072 1900 1160 1946; x_wconf 84' lang='lat' dir='ltr'>pax</span> <span class='ocrx_word' id='word_1_160' title='bbox 1180 1899 1281 1929; x_wconf 89' lang='lat' dir='ltr'>cum</span> <span class='ocrx_word' id='word_1_161' title='bbox 1304 1883 1498 1930; x_wconf 80' lang='lat' dir='ltr'>Cartha-</span> 
     </span>
     <span class='ocr_line' id='line_1_24' title="bbox 200 1957 1496 2023; baseline 0.004 -20"><span class='ocrx_word' id='word_1_162' title='bbox 200 1957 473 2021; x_wconf 72' lang='lat' dir='ltr'>giniensibus</span> <span class='ocrx_word' id='word_1_163' title='bbox 513 1962 746 2023; x_wconf 77' lang='lat' dir='ltr'>postremo</span> <span class='ocrx_word' id='word_1_164' title='bbox 786 1962 895 2009; x_wconf 58' lang='lat' dir='ltr'>facia</span> <span class='ocrx_word' id='word_1_165' title='bbox 937 1975 1058 2021; x_wconf 87' lang='lat' dir='ltr'><em>erat,</em></span> <span class='ocrx_word' id='word_1_166' title='bbox 1094 1963 1171 2022; x_wconf 82' lang='lat' dir='ltr'>Q.</span> <span class='ocrx_word' id='word_1_167' title='bbox 1192 1961 1407 2020; x_wconf 84' lang='lat' dir='ltr'>Lutatio,</span> <span class='ocrx_word' id='word_1_168' title='bbox 1441 1964 1496 2008; x_wconf 80' lang='lat' dir='ltr'>A.</span> 
     </span>
     <span class='ocr_line' id='line_1_25' title="bbox 201 2037 1498 2102; baseline 0.002 -20"><span class='ocrx_word' id='word_1_169' title='bbox 201 2037 378 2085; x_wconf 76' lang='lat' dir='ltr'>Manlio</span> <span class='ocrx_word' id='word_1_170' title='bbox 413 2040 688 2087; x_wconf 68' lang='lat' dir='ltr'>consuiibus.</span> <span class='ocrx_word' id='word_1_171' title='bbox 726 2039 896 2087; x_wconf 75' lang='lat' dir='ltr'>bellum</span> <span class='ocrx_word' id='word_1_172' title='bbox 929 2039 1092 2086; x_wconf 80' lang='lat' dir='ltr'>initum</span> <span class='ocrx_word' id='word_1_173' title='bbox 1127 2040 1255 2086; x_wconf 84' lang='lat' dir='ltr'>annis</span> <span class='ocrx_word' id='word_1_174' title='bbox 1289 2039 1390 2102; x_wconf 86' lang='lat' dir='ltr'>post</span> <span class='ocrx_word' id='word_1_175' title='bbox 1419 2038 1498 2085; x_wconf 88' lang='lat' dir='ltr'>tri-</span> 
     </span>
     <span class='ocr_line' id='line_1_26' title="bbox 199 2116 1500 2180; baseline 0.002 -18"><span class='ocrx_word' id='word_1_176' title='bbox 199 2116 282 2162; x_wconf 80' lang='lat' dir='ltr'>bus</span> <span class='ocrx_word' id='word_1_177' title='bbox 302 2116 353 2164; x_wconf 56' lang='grc' dir='ltr'>δέ</span> <span class='ocrx_word' id='word_1_178' title='bbox 382 2116 545 2180; x_wconf 68' lang='lat' dir='ltr'>viginti</span> <span class='ocrx_word' id='word_1_179' title='bbox 561 2153 575 2174; x_wconf 53' lang='lat'><strong>5</strong></span> <span class='ocrx_word' id='word_1_180' title='bbox 597 2118 645 2165; x_wconf 77' lang='lat' dir='ltr'>P.</span> <span class='ocrx_word' id='word_1_181' title='bbox 671 2118 894 2165; x_wconf 85' lang='lat' dir='ltr'>Cornelio</span> <span class='ocrx_word' id='word_1_182' title='bbox 910 2155 922 2176; x_wconf 66' lang='lat'>2</span> <span class='ocrx_word' id='word_1_183' title='bbox 952 2119 1023 2166; x_wconf 84' lang='lat' dir='ltr'>Ti.</span> <span class='ocrx_word' id='word_1_184' title='bbox 1041 2116 1312 2180; x_wconf 84' lang='lat' dir='ltr'>Sempronio</span> <span class='ocrx_word' id='word_1_185' title='bbox 1334 2117 1500 2165; x_wconf 88' lang='lat' dir='ltr'>consu·</span> 
     </span>
     <span class='ocr_line' id='line_1_27' title="bbox 200 2194 1496 2261; baseline 0.001 -20"><span class='ocrx_word' id='word_1_186' title='bbox 200 2194 334 2242; x_wconf 79' lang='lat' dir='ltr'>libus.</span> <span class='ocrx_word' id='word_1_187' title='bbox 369 2196 567 2242; x_wconf 85' lang='lat' dir='ltr'>Finitum</span> <span class='ocrx_word' id='word_1_188' title='bbox 594 2196 655 2243; x_wconf 79' lang='lat' dir='ltr'>est</span> <span class='ocrx_word' id='word_1_189' title='bbox 685 2197 1058 2261; x_wconf 68' lang='lat' dir='ltr'>septimodecimo</span> <span class='ocrx_word' id='word_1_190' title='bbox 1082 2214 1231 2257; x_wconf 86' lang='lat' dir='ltr'>anno,</span> <span class='ocrx_word' id='word_1_191' title='bbox 1262 2199 1349 2245; x_wconf 91' lang='lat' dir='ltr'>Cn.</span> <span class='ocrx_word' id='word_1_192' title='bbox 1377 2198 1496 2243; x_wconf 89' lang='lat' dir='ltr'>Cor-</span> 
     </span>
     <span class='ocr_line' id='line_1_28' title="bbox 201 2275 1496 2340; baseline 0 -18"><span class='ocrx_word' id='word_1_193' title='bbox 201 2275 327 2323; x_wconf 90' lang='lat' dir='ltr'>nelio</span> <span class='ocrx_word' id='word_1_194' title='bbox 343 2312 358 2335; x_wconf 88' lang='lat'>,</span> <span class='ocrx_word' id='word_1_195' title='bbox 383 2277 429 2324; x_wconf 92' lang='lat' dir='ltr'>P.</span> <span class='ocrx_word' id='word_1_196' title='bbox 443 2276 564 2325; x_wconf 85' lang='lat' dir='ltr'>AElio</span> <span class='ocrx_word' id='word_1_197' title='bbox 589 2279 713 2323; x_wconf 78' lang='lat' dir='ltr'>Paeto</span> <span class='ocrx_word' id='word_1_198' title='bbox 736 2276 1011 2324; x_wconf 80' lang='lat' dir='ltr'>consulibus.</span> <span class='ocrx_word' id='word_1_199' title='bbox 1032 2278 1157 2340; x_wconf 74' lang='lat' dir='ltr'>Saepe</span> <span class='ocrx_word' id='word_1_200' title='bbox 1177 2277 1328 2340; x_wconf 83' lang='lat' dir='ltr'>postea</span> <span class='ocrx_word' id='word_1_201' title='bbox 1346 2275 1496 2322; x_wconf 86' lang='lat' dir='ltr'>ferunt</span> 
     </span>
     <span class='ocr_line' id='line_1_29' title="bbox 200 2352 1495 2418; baseline 0.002 -18"><span class='ocrx_word' id='word_1_202' title='bbox 200 2354 465 2418; x_wconf 88' lang='lat' dir='ltr'>Scipionem</span> <span class='ocrx_word' id='word_1_203' title='bbox 496 2354 683 2413; x_wconf 79' lang='lat' dir='ltr'>dixiffe,</span> <span class='ocrx_word' id='word_1_204' title='bbox 721 2355 795 2403; x_wconf 86' lang='lat' dir='ltr'>Ti.</span> <span class='ocrx_word' id='word_1_205' title='bbox 825 2355 1006 2402; x_wconf 85' lang='lat' dir='ltr'>Claudii</span> <span class='ocrx_word' id='word_1_206' title='bbox 1041 2356 1235 2418; x_wconf 84' lang='lat' dir='ltr'>primum</span> <span class='ocrx_word' id='word_1_207' title='bbox 1268 2352 1495 2416; x_wconf 81' lang='lat' dir='ltr'>cupidita-</span> 
     </span>
     <span class='ocr_line' id='line_1_30' title="bbox 200 2432 1494 2497; baseline -0.001 -16"><span class='ocrx_word' id='word_1_208' title='bbox 200 2443 319 2495; x_wconf 83' lang='lat' dir='ltr'>tem,</span> <span class='ocrx_word' id='word_1_209' title='bbox 350 2435 511 2484; x_wconf 88' lang='lat' dir='ltr'>deinde</span> <span class='ocrx_word' id='word_1_210' title='bbox 541 2435 629 2483; x_wconf 89' lang='lat' dir='ltr'>Cn.</span> <span class='ocrx_word' id='word_1_211' title='bbox 648 2434 882 2494; x_wconf 83' lang='lat' dir='ltr'>Cornelii,</span> <span class='ocrx_word' id='word_1_212' title='bbox 908 2435 1035 2482; x_wconf 68' lang='lat' dir='ltr'>fuisse</span> <span class='ocrx_word' id='word_1_213' title='bbox 1055 2435 1103 2482; x_wconf 86' lang='lat' dir='ltr'>in</span> <span class='ocrx_word' id='word_1_214' title='bbox 1123 2450 1272 2493; x_wconf 76' lang='lat' dir='ltr'>mora,</span> <span class='ocrx_word' id='word_1_215' title='bbox 1291 2448 1385 2497; x_wconf 87' lang='lat' dir='ltr'>quo</span> <span class='ocrx_word' id='word_1_216' title='bbox 1409 2432 1494 2480; x_wconf 71' lang='lat' dir='ltr'>mi-¹</span> 
     </span>
    </p>
   </div>
  </div>
 </body>
</html>
