1592 2724
307 194 842 247 HISTORIARUM
879 192 1005 239 LIB.
1041 191 1216 238 XXXI.
1313 204 1408 254 237

118 303 281 354 eximie
309 316 424 350 terra
453 302 625 356 Attica,
648 301 696 346 &
718 298 848 360 copia
876 296 1109 344 domestici
1141 297 1406 354 marmoris,

120 381 171 427 δέ
207 378 396 442 ingeniis
432 372 679 430 artificum,
717 370 906 434 praebuit
943 370 1045 415 huic
1082 368 1225 416 furori
1265 383 1409 416 mate-

119 451 248 498 riam.
285 466 429 512 neque
474 448 592 494 enim
631 444 807 491 diruere
846 441 985 487 modo
1027 440 1118 502 ipsa
1155 442 1318 503 templa
1353 456 1406 489 ac

122 522 351 569 fimulacra
372 534 575 567 evertere
603 516 701 562 satis
723 514 904 566 habitin
930 513 999 558 sed
1021 512 1183 574 lapides
1200 530 1410 576 quoque,

125 611 182 640 ne
203 592 359 656 integri
379 591 657 639 cumularent
678 589 825 634 ruinas
841 623 853 643 ,
873 586 1013 649 frangi
1037 585 1176 645 juffit:
1197 587 1270 642 &,
1289 586 1412 647 post-

124 683 258 729 quam
282 683 375 711 non
396 677 484 710 tam
511 663 574 709 ira
594 662 763 718 satiata,
787 677 919 722 quarn
944 659 1018 703 irae
1040 659 1301 704 exercendae
1323 675 1413 705 ma-

126 741 238 788 teria
258 741 353 786 haec
382 738 558 795 deerat,
586 752 693 800 agro
722 734 918 781 hostium
947 733 990 778 in
1015 732 1236 778 Boeotiam
1262 731 1416 779 exces-

128 813 205 868 fit;
232 830 315 860 nec
340 812 461 859 aliud
489 811 736 875 quidquam
765 809 949 872 dignum
970 806 1189 852 memoria
1213 806 1261 852 in
1288 808 1415 854 Grae-

130 887 198 936 cia
221 886 325 950 egit.

194 960 390 1007 XXVII.
410 954 583 1003 Consul
600 953 822 1017 Sulpicius
843 968 899 999 eo
919 962 1124 1014 tempore
1147 949 1262 996 inter
1277 950 1421 1013 Apol-

130 1033 303 1081 loniam
336 1049 387 1078 ac
417 1029 726 1094 Dyrrachium
759 1027 814 1073 ad
842 1025 1006 1088 Apsum
1035 1024 1201 1070 flumen
1233 1026 1422 1072 habebat

131 1109 271 1158 castra
292 1127 303 1155 :
326 1124 421 1171 quo
449 1105 699 1153 arceffitum
734 1104 781 1151 L.
810 1100 1041 1165 Apustium
1070 1100 1259 1164 legatum
1280 1137 1292 1157 ,
1318 1118 1422 1150 cum

132 1194 259 1246 parte
278 1180 511 1242 copiarum
532 1178 586 1224 ad
604 1176 948 1239 depopulandos
971 1173 1166 1219 hostium
1183 1172 1293 1219 fines
1318 1174 1421 1221 ntit-

134 1255 205 1302 1it.
234 1253 469 1317 Apustius,
489 1265 686 1297 extrema
711 1247 992 1295 Macedoniae
1017 1247 1254 1308 populatus
1269 1283 1280 1303 ,
1301 1248 1426 1294 Cor·¹

134 1343 245 1390 rago
261 1363 274 1384 ,
306 1329 354 1373 &
375 1324 606 1372 Gerrunio
623 1359 637 1381 ,
666 1325 711 1369 &
735 1320 926 1384 Orgesso
948 1320 1133 1367 castellis
1162 1321 1310 1382 primo
1339 1321 1425 1366 im·-

133 1413 242 1463 petu
271 1398 437 1460 captis,
464 1397 519 1443 ad
555 1395 881 1457 Antipatriam,
914 1391 959 1440 in
996 1392 1199 1440 faucibus
1231 1394 1427 1457 angustis

135 1473 261 1521 fitam
295 1471 480 1525 urbem,
511 1469 650 1516 venit.
683 1485 733 1514 ac
767 1468 915 1530 primo
946 1480 1166 1514 evocatos
1199 1468 1427 1530 principes

137 1546 194 1593 ad
224 1543 535 1606 colloquium,
556 1555 605 1586 ut
631 1534 730 1586 fidel
761 1541 1074 1586 Romanorum
1099 1539 1138 1586 se
1171 1540 1427 1586 committe-

139 1631 262 1676 rent,
288 1617 501 1680 perlicere
526 1615 585 1660 est
616 1629 835 1660 conatus:
863 1613 1043 1668 deinde,
1066 1611 1140 1658 ubi
1157 1648 1168 1667 ,
1198 1614 1429 1675 magnitu-

140 1692 244 1738 dine
266 1708 316 1738 ac
345 1691 572 1737 moenibus
594 1688 766 1750 fituque
795 1688 915 1733 urbis
942 1686 1067 1743 freti,
1088 1688 1201 1733 dicia
1221 1687 1428 1749 asperna-

141 1765 330 1823 bantur,
354 1764 402 1810 vi
424 1777 553 1825 atque
575 1763 706 1809 armis
728 1761 936 1818 adortus,
958 1761 1260 1824 expugnavi13
1294 1763 1430 1823 pube-

142 1839 350 1902 ribusque
371 1837 635 1895 interfectis,
660 1838 807 1899 praeda
828 1836 953 1882 omni
973 1835 1184 1882 militibus
1208 1835 1434 1894 concessa,

147 1913 284 1959 diruit
302 1928 452 1958 muros
470 1947 483 1970 ‚
503 1924 633 1974 atque
654 1911 809 1957 urbem
840 1909 1054 1956 incendit.
1076 1911 1158 1956 Hic
1182 1924 1321 1955 metus
1342 1911 1435 1957 Co-

145 1988 378 2044 drionem,
398 1987 497 2033 satis
528 1986 726 2032 validum
757 1988 804 2032 &
827 1985 1049 2031 munitum
1081 1984 1325 2046 oppidum,
1345 1985 1435 2032 sine

150 2060 392 2107 certamine
418 2073 466 2106 ut
497 2061 732 2107 dederetur
760 2058 997 2114 Romanis,
1028 2058 1190 2105 effecit.
1228 2057 1438 2104 Praesidio

150 2134 214 2182 ibi
243 2134 428 2189 reneio,
453 2134 569 2180 llion
602 2133 804 2197 (nomen
836 2144 1022 2195 propter
1056 2131 1237 2177 alteram
1270 2131 1313 2174 in
1337 2129 1439 2175 Afia

152 2209 307 2254 urbem
324 2244 338 2263 ‚
360 2223 492 2269 quam
514 2207 734 2268 oppidum
751 2241 765 2261 ,
786 2204 967 2268 notius)
994 2205 1038 2250 vi
1061 2205 1248 2266 capitur.
1270 2204 1440 2248 Rever-

154 2294 322 2328 tentem
351 2280 546 2343 legatt'lm
573 2278 626 2325 ad
648 2279 875 2325 consulem
897 2296 997 2326 cum
1027 2276 1125 2322 satis
1152 2293 1307 2338 magna
1330 2291 1443 2337 prae-

153 2356 209 2402 da
224 2392 236 2413 ,
257 2355 564 2418 Athenagoras
581 2353 760 2416 quidam
781 2353 924 2415 regius
942 2351 1172 2415 praefectus
1193 2350 1238 2395 in
1259 2349 1447 2395 transitu

153 2426 354 2474 fluminis
391 2444 415 2472 a
450 2427 695 2474 novissimo
738 2426 913 2490 agmine
952 2422 1446 2485 adortus,-possrem09

155 2501 370 2551 turbavit,
406 2502 462 2548 ad
494 2512 697 2566 quorum
726 2501 973 2551 clamorem
1012 2499 1064 2546 ὃς
1097 2494 1447 2560 trepidationem
