1592 2724
231 180 780 228 HISTORIARUM
816 177 1191 225 LIB.XXX1V.
1259 193 1347 242 415?

66 306 166 350 quos
193 292 238 334 in
263 292 460 334 concione
491 287 797 348 comprehensos
815 320 829 342 ,
865 288 1057 330 omnibus
1089 287 1354 331 audientibus

62 364 225 406 civibus
246 365 356 419 tuis,
381 364 427 406 irz
445 363 628 427 custodia
650 373 687 403 te
707 359 944 402 habiturum
964 356 1034 420 effi
1046 358 1355 422 pronuntiasti,

58 434 160 491 jube
182 435 340 480 winilos
354 435 562 495 produci,
581 447 627 478 ut
643 431 778 490 miseri
789 446 1007 490 parentes,
1039 448 1141 490 quos
1150 429 1270 488 salso
1287 433 1356 474 lu-

67 524 196 568 gent,
230 512 362 554 vivere
377 509 533 568 sciant.
574 510 640 551 At
674 507 808 560 enim,
844 520 890 548 ut
913 502 1014 559 jam
1047 503 1108 546 ita
1129 500 1224 563 snt
1245 502 1359 562 haec,

70 585 174 641 quid
194 586 255 628 ad
269 600 366 639 vos,
389 583 574 627 Romani
586 582 610 625 ἓ
634 581 731 625 Hoc
750 594 794 623 tu
813 580 931 622 dicas
951 576 1222 621 liberantibus
1243 575 1360 619 Grae-

70 656 216 699 ciam?
251 657 327 700 hoc
357 657 436 710 iis,
464 656 562 713 qui,
590 668 637 697 ut
670 654 836 695 liberare
853 647 1048 710 poffent,
1081 665 1192 692 mare
1227 646 1359 701 traje-

68 743 237 784 cerunt,
268 743 373 772 terra
402 729 585 785 marique
611 720 813 786 gefferurtt
846 723 1022 766 bellum.
1018 722 1037 753 ³
1075 723 1164 765 Vos
1194 735 1360 775 tamen,

76 803 243 862 inquis,
264 803 509 867 vestramque
532 800 764 844 amicitiam
784 815 833 842 ac
840 798 1036 858 societat
1029 814 1080 840 m
1090 797 1257 855 proprie
1274 813 1362 839 rzorz

73 877 242 919 violmi.
279 875 454 934 Quoties
486 875 552 917 vis
589 886 625 916 te
654 871 704 914 id
734 887 905 931 arguam
927 866 1097 929 feciſje.
1094 869 1112 899 ³
1148 871 1199 911 S..
1191 869 1234 911 d
1262 870 1360 911 tzolo

67 948 295 1005 pluribus:
320 945 534 1004 summam
556 959 637 987 rem
661 960 715 986 co.
713 940 912 1001 npleffar.
948 941 1115 1000 Quibus
1149 940 1277 1000 igitur
1301 957 1361 983 re-

74 1018 151 1061 bus
188 1020 378 1062 amicitia
414 1017 636 1061 violatur?
673 1015 827 1073 Nempe
859 1015 926 1058 his
957 1015 1142 1057 maxime
1174 1014 1364 1067 duabus,

63 1086 115 1150 fi
127 1089 272 1148 socios
301 1105 411 1133 meos
429 1107 510 1147 pro
530 1087 707 1149 hostibus
736 1087 887 1130 habeas
899 1103 918 1139 ,·
932 1084 983 1148 fi
1006 1102 1096 1129 cum
1122 1084 1299 1149 hostibus
1329 1100 1365 1129 te

77 1159 328 1220 eonjutzgas.
368 1163 522 1204 Utrum
552 1177 636 1202 nort
656 1176 682 1202 a
710 1157 917 1214 tefizflum
942 1158 1032 1223 est.)
1057 1175 1157 1201 nam
1182 1155 1224 1202 δ’
1246 1159 1365 1217 Mes-

72 1232 226 1291 serien,
255 1249 339 1275 usto
370 1245 489 1290 atque
517 1233 655 1275 eodem
674 1230 772 1285 jure
789 1227 987 1287 foederis,
1011 1247 1088 1288 quo
1110 1226 1152 1273 δ’
1170 1231 1365 1273 Laceda-

80 1319 241 1345 monem
259 1335 272 1356 ,
305 1304 351 1346 in
379 1303 612 1345 amicitiam
650 1301 840 1365 nostram>
857 1314 1063 1360 acceptam
1080 1334 1093 1354 ‚
1114 1301 1259 1360 socius
1281 1302 1367 1360 ipfi:

68 1374 237 1434 sociam
254 1375 375 1419 nobis
395 1375 529 1418 urbem
548 1376 592 1418 vi
610 1388 726 1431 atque
745 1373 876 1416 armis
896 1373 1059 1437 cepisti:
1088 1370 1131 1417 δ’
1149 1391 1240 1418 cum
1259 1375 1368 1419 Phi-

81 1449 220 1508 lippo,
245 1449 349 1513 hoste
368 1450 500 1511 nostro
517 1481 528 1502 ,
549 1464 634 1491 non
648 1447 888 1506 societatem
897 1446 1042 1505 solum
1059 1446 1162 1505 ‚sed
1172 1447 1242 1510 ,st
1258 1449 1370 1492 Diis

78 1525 215 1579 placet
229 1556 243 1577 ,
273 1522 516 1583 affinitatem
538 1523 663 1565 etiam
677 1539 755 1580 per
776 1521 1003 1565 Philoclem
1027 1518 1260 1578 praefecJum
1280 1521 1369 1576 ejus

79 1595 270 1659 pepigisti
290 1612 305 1638 :
342 1591 386 1638 δ’
417 1595 566 1637 bellum
600 1592 796 1651 adversus
829 1610 906 1636 nos
938 1609 1080 1653 gereris
1116 1611 1227 1638 mare
1261 1596 1369 1639 circa

87 1668 276 1711 Alaleam
309 1666 497 1730 infestum
518 1667 707 1710 ¹navibus
734 1667 928 1724 piraticis
951 1664 1123 1730 fecisti:
1160 1662 1202 1710 G·
1229 1670 1372 1724 plures

80 1758 210 1799 prope
237 1742 341 1784 cives
368 1739 614 1793 Romanos,
644 1756 768 1798 quam
801 1741 1057 1798 Philippus,
1090 1739 1223 1803 cepisti
1254 1755 1373 1800 atque

89 1812 300 1876 occidisti:
325 1814 525 1871 tutiorque
555 1812 814 1855 Macedonia
844 1829 945 1867 ora,
978 1828 1102 1870 quam
1124 1828 1372 1869 promonto-

88 1889 195 1932 rium
213 1889 362 1931 Malea
388 1902 637 1931 commeatus
666 1888 726 1930 ad
753 1887 952 1930 exercitus
980 1886 1137 1947 nostros
1156 1889 1373 1944 portanti-

90 1964 165 2005 bus
200 1963 376 2005 navibus
399 1960 507 2017 ficit.
540 1961 723 2005 Proinde
746 1977 901 2019 parce,
920 1958 1017 2022 sis,
1042 1960 1169 2017 fidem
1199 1977 1248 2004 ac
1266 1959 1374 2017 jura

79 2033 296 2092 societatis
310 2031 473 2089 jaft'are
490 2050 510 2085 ;
546 2029 616 2087 ἃ,
639 2030 786 2093 omtffa
806 2034 1008 2090 populari
1036 2034 1248 2089 oratione,
1274 2047 1374 2076 tan-

93 2123 216 2165 quam
244 2121 454 2165 tyrannus
479 2101 521 2149 ὅ*
548 2107 671 2170 hostis
698 2109 868 2165 loquere.

158 2176 370 2223 XXXIII.
407 2176 500 2222 Sub
529 2176 624 2224 haec
648 2178 890 2225 Aristaenus
922 2195 1043 2225 nunc
1067 2194 1253 2225 monere
1281 2178 1378 2223 Na·

94 2249 173 2297 bin
189 2286 204 2308 ‚
235 2268 355 2297 nunc
382 2251 515 2297 etiarn
535 2267 664 2298 orare
680 2287 694 2307 ‚
723 2264 773 2298 ut
787 2289 801 2311 ‚
829 2253 935 2299 dum
964 2253 1117 2299 liceret
1133 2288 1149 2309 ,
1170 2252 1274 2298 dum
1295 2269 1379 2300 oc-

96 2322 212 2369 cafio
248 2323 382 2380 esset,
420 2323 500 2370 fibi
535 2340 586 2369 ac
620 2322 815 2370 fortunis
852 2324 935 2370 suis
973 2323 1243 2371 consuleret.
1287 2325 1379 2371 Re-

97 2393 211 2441 ferre
243 2395 403 2441 deinde
431 2395 700 2441 nominatim
733 2407 960 2458 tyrannos
998 2395 1236 2443 civitatum
1274 2395 1379 2442 fini-

100 2465 309 2515 timarum
339 2468 506 2531 coepit,
530 2468 638 2531 qui,
671 2468 878 2530 deposito
911 2469 1133 2532 imperiO‚
1161 2469 1382 2518 restituta-
