1592 2724
284 172 828 220 HISTORIARUM
863 173 1231 219 L113.XXX111.
1308 188 1399 236 329

129 277 339 340 proelium
368 296 424 325 eo
456 280 562 325 loco
593 279 741 330 fuisse,
763 278 999 341 pulsosque
1021 280 1123 325 inde
1140 281 1401 339 RomanOS‚

128 351 177 395 &
198 352 381 413 pugnari
405 369 546 414 prope
569 351 704 398 castra
723 349 914 395 hostiurn
938 351 1082 405 vidit,
1106 351 1273 413 ingenti
1290 369 1402 415 gau·

127 419 205 465 dio
232 422 292 467 est
320 422 482 468 elatus:
513 438 648 477 mox,
672 420 992 483 refugientibus
1017 420 1127 479 suis,
1149 425 1198 469 ὅ(
1229 436 1402 470 terrore

127 492 288 550 verso,
322 493 565 555 paulisper,
601 493 799 538 incertus
834 509 890 538 an
928 492 973 538 in
1013 493 1148 540 castra
1182 494 1402 556 reciperet

126 565 279 626 copias
295 602 311 622 ,
331 557 596 628 trepidavit:
617 564 775 611 deinde
791 601 804 622 ‚
825 578 874 611 ut
902 565 1294 629 appropinquabat
1312 567 1401 612 ho-

127 635 223 692 stis,
245 639 317 693 δέ,
338 650 631 700 praeterquam
653 637 778 699 quod
799 637 1082 684 caedebantur
1101 638 1243 684 averfi
1256 675 1268 696 ,
1289 655 1370 685 nec
1384 674 1401 697 ,

126 709 206 755 nifi
225 710 591 767 defenderentur,
611 708 775 756 servari
798 722 1028 772 poterant,
1048 727 1103 756 ne
1125 709 1203 772 ipsi
1222 712 1402 773 quidem

124 781 173 829 in
193 796 291 830 tuto
314 782 401 844 jam
419 795 624 846 receptus
641 795 759 839 erat3
788 784 967 831 coactus
981 819 993 841 ‚
1014 784 1218 830 nondum
1236 783 1403 830 assecu-

124 868 167 902 ta
196 868 317 918 parte
337 856 543 915 suorum,
574 856 820 919 periculum
850 856 1029 903 summae
1059 874 1205 903 rerum
1228 856 1401 918 facere,

123 930 294 991 equites
310 930 544 992 levemque
561 944 822 976 armaturam
835 965 848 987 ,
864 929 943 993 qui
960 929 1007 976 in
1026 929 1191 992 proelio
1208 928 1399 988 fuerant,

126 1000 285 1046 dextro
328 1000 374 1045 in
412 1016 558 1046 cornu
594 1000 726 1047 locat.
776 1012 968 1047 cetratos
1002 1001 1052 1047 &
1098 1000 1401 1049 Macedonum

125 1071 386 1135 phalangem
404 1107 418 1129 ,
435 1071 564 1119 hastis
583 1071 736 1134 positis
750 1107 762 1129 ,
785 1089 970 1136 quarum
991 1072 1229 1135 longitudo
1254 1073 1400 1135 impe-

125 1144 328 1190 dimento
357 1156 474 1202 erat,
502 1144 656 1207 gladiis
687 1161 780 1190 rem
813 1161 962 1208 gerere
994 1144 1132 1205 jubet.
1162 1144 1290 1190 simul
1309 1182 1321 1201 ,
1343 1163 1400 1194 ne

124 1213 255 1262 facile
296 1229 657 1280 perrumperetur
687 1217 834 1276 acies,
869 1218 1102 1265 dimidium
1149 1218 1203 1264 de
1250 1218 1401 1266 fronte

124 1289 320 1336 demtum
350 1290 563 1337 introrsus
594 1291 810 1354 porrectis
841 1292 1073 1339 ordinibus
1105 1291 1330 1354 duplicat,
1351 1304 1400 1340 ut

115 1360 260 1424 *longa
287 1363 459 1424 potius,
489 1380 620 1426 quam
642 1363 752 1421 lata,
781 1363 897 1411 acies
923 1364 1038 1412 effes.
1069 1364 1194 1411 simul
1221 1366 1270 1412 &
1289 1366 1399 1411 den-

123 1433 206 1479 sari
239 1434 416 1483 ordines
454 1434 598 1499 juffit,
625 1446 675 1482 ut
703 1435 775 1484 vir
806 1437 942 1497 viro,
973 1454 1094 1485 arma
1126 1438 1258 1488 armis
1290 1438 1399 1501 jun-

120 1505 342 1570 gerentur.

185 1581 268 1627 IX.
302 1580 567 1641 Quinctius,
598 1580 697 1639 his,
731 1582 873 1645 quiin
905 1583 1073 1647 proelio
1104 1583 1307 1642 fuerant,
1328 1583 1399 1631 in*

121 1663 188 1698 ter
211 1653 332 1716 figna
350 1655 402 1702 δι
420 1654 601 1701 ordines
618 1656 811 1719 acceptis
827 1692 841 1715 ,
872 1658 978 1705 tuba
999 1659 1072 1704 dat
1092 1658 1278 1721 fignum.
1312 1659 1397 1703 Ra-

124 1742 178 1772 ro
205 1727 309 1773 alias
336 1739 485 1774 tantus
513 1728 684 1775 clamor
712 1729 876 1776 dicitur
909 1731 957 1777 in
990 1730 1213 1793 priucipio
1234 1747 1397 1793 pugnae

123 1812 322 1848 exortus.
358 1819 462 1848 nam
487 1801 604 1849 forte
623 1815 810 1866 utraque
840 1804 955 1853 acies
976 1804 1097 1851 fimul
1135 1805 1398 1852 conclama-

122 1890 244 1921 vere.
274 1891 356 1922 nec
375 1874 517 1922 solum
537 1875 614 1938 qui
634 1876 915 1938 pugnabant,
940 1877 1008 1924 secl
1031 1876 1215 1923 subfidia
1231 1877 1392 1935 etiam,

121 1947 290 2009 quique
317 1958 414 1992 tum
444 1947 636 1993 maxime
665 1948 709 1993 in
739 1950 954 2010 proelium
975 1949 1231 1998 veniebant.
1261 1950 1396 1995 Dexa

122 2029 195 2063 tro
223 2035 368 2065 cornu
397 2036 509 2077 rex,
544 2020 637 2067 loci
667 2020 908 2083 plurimum
948 2020 1145 2079 auxilio,
1183 2037 1241 2067 ex
1278 2020 1394 2085 jugis

121 2090 353 2137 altioribus
387 2108 619 2155 pugnans,
649 2094 892 2149 vincebat3
930 2091 1132 2150 sinistro,
1165 2106 1260 2140 tum
1291 2111 1394 2141 cum

120 2161 312 2208 maxime
337 2164 723 2226 appropinquante
749 2166 973 2230 phalangIs·
1001 2179 1149 2228 parte,
1181 2182 1280 2227 quae
1303 2182 1394 2212 no-

119 2234 281 2281 viffimi
313 2234 500 2297 agminis
520 2235 690 2295 fuerat,
721 2237 810 2284 fine
838 2238 932 2285 ullo
961 2237 1120 2283 ordine
1140 2237 1393 2298 trepidaba-

119 2317 204 2352 ως.
230 2305 378 2351 Media
396 2306 535 2364 acies,
556 2323 655 2370 quae
673 2309 864 2370 propior
885 2310 1089 2355 dextrum
1111 2324 1257 2355 cornu
1275 2322 1393 2365 erat,

117 2376 255 2424 stabat
278 2377 528 2440 spe-{iaculo
560 2379 686 2425 velut
713 2380 826 2425 nihil
853 2381 908 2427 ad
940 2379 979 2426 se
1011 2379 1272 2442 pertinentis
1301 2397 1387 2442 pu-

115 2465 215 2511 gnae
246 2450 443 2497 intenta:
475 2450 703 2514 phalanx,
731 2467 832 2516 quae
865 2465 1076 2512 venerat⁹
1104 2467 1263 2516 agmen
1295 2462 1397 2505 ωας·
