1592 2724
193 176 286 221 ,422
526 151 1121 206 'T1T1'L1V11

192 284 274 323 ne,
301 281 584 330 nequaquam
613 275 706 311 erat
738 263 951 328 proelium
982 280 1075 325 par.
1106 260 1334 310 miffilibus
1356 261 1476 310 enim

193 338 522 385 Lacedaemonii
547 337 802 400 pugnabant
822 372 835 394 ,
866 353 890 382 a
920 336 1081 399 quibus
1105 335 1146 382 se
1176 338 1225 384 &
1252 337 1477 400 magnitu-

193 415 299 462 dine
337 412 448 461 scuti
484 406 694 476 perfacile
731 413 964 458 Romanus
998 411 1206 458 tuebatur
1239 411 1392 470 miles,
1427 413 1478 459 &

160 511 164 514 -
193 488 319 552 quod
338 488 412 534 alii
429 488 560 539 vani,
577 487 651 533 alii
669 486 790 533 leves
811 485 1051 531 admodum
1073 486 1181 532 ictus
1201 497 1338 531 erant.
1374 502 1477 531 nam

195 578 383 628 propter
418 563 640 626 angustias
673 561 764 609 loci
802 559 1142 624 confertamque
1177 560 1353 607 turbam
1381 575 1478 607 non

195 639 338 684 modo
359 637 415 683 ad
441 635 683 682 emittenda
715 651 816 681 cum
835 635 1084 697 procursu,
1117 650 1213 698 quo
1234 633 1479 697 plurimum

197 711 487 758 concitantur
516 710 601 756 tela
619 745 632 768 ,
670 709 858 772 spatium
892 710 1138 756 habebant:
1173 708 1246 755 sed
1275 725 1330 755 ne
1348 718 1397 754 ut
1424 707 1479 753 de

196 786 334 848 gradu
361 785 541 848 quidem
571 785 716 832 libero
747 802 796 832 ac
828 784 971 831 flabili
1003 796 1293 831 conarentur.
1327 785 1479 844 Itaque

195 878 254 906 ex
288 860 472 907 adverso
506 859 629 906 miffa
657 859 777 918 tela,
815 860 934 905 nulla
964 858 1011 904 in
1046 858 1348 920 corporibus,
1383 872 1481 902 rara

170 932 243 978 'in
276 933 408 980 scutis
437 934 678 980 haerebant.
719 953 743 981 a
782 933 1168 981 circumstantibus
1193 950 1250 979 ex
1284 932 1482 994 superio-

198 1007 321 1054 ribus
352 1006 467 1052 locis
499 1007 679 1070 quidam
713 1006 938 1053 vulnerati
971 1006 1093 1053 sunt:
1131 1023 1241 1054 mox
1274 1002 1484 1067 progres-

198 1081 269 1127 sos
290 1080 373 1141 jam
400 1080 531 1126 etiam
559 1097 614 1125 ex
636 1079 759 1126 teEtis
785 1097 879 1126 non
904 1079 990 1125 tela
1016 1079 1186 1136 modo,
1221 1077 1294 1124 sed
1322 1075 1483 1139 tegulae

198 1169 409 1217 quoque,
445 1152 731 1215 inopinantes
761 1152 1066 1215 perculerunt.
1101 1150 1295 1197 Sublatis
1323 1147 1484 1194 deinde

200 1226 330 1289 supra
363 1226 508 1287 capita
536 1224 670 1272 scutis
692 1261 705 1283 ,
738 1224 1098 1286 continuatisque
1129 1222 1187 1268 ita
1208 1223 1324 1268 inter
1349 1219 1415 1277 se,
1435 1229 1486 1266 ut

202 1317 296 1346 non
327 1300 467 1345 modo
498 1300 551 1345 nd
580 1316 726 1346 caecos
758 1299 892 1356 iiius,
926 1297 1000 1344 sed
1031 1314 1086 1344 ne
1118 1297 1174 1343 ad
1201 1294 1489 1342 inferendum

199 1374 379 1437 quidem
414 1390 468 1418 ex
497 1372 760 1435 propinquo
785 1373 923 1417 telum
955 1370 1047 1417 loci
1080 1369 1324 1433 quidquam
1351 1366 1483 1422 effer,

202 1447 419 1494 testudine
443 1446 552 1492 fasta
578 1446 795 1492 subibant.
826 1447 875 1492 &
901 1445 1057 1507 primae
1085 1442 1295 1507 angustiae
1318 1437 1483 1504 paulis-

202 1540 313 1586 per,
353 1522 424 1568 sua
465 1520 751 1583 hostiumque
800 1520 973 1566 refertae
1010 1517 1140 1564 turba
1162 1552 1175 1575 ‚
1214 1525 1486 1562 tenuerunt:

204 1595 439 1658 postquam
472 1594 517 1640 in
546 1594 845 1657 patentiorem
870 1591 989 1639 viam
1016 1589 1139 1636 urbis
1171 1587 1384 1651 paulatim
1407 1602 1484 1646 ur-

202 1680 354 1731 genteg
376 1665 547 1712 hostem
576 1664 823 1727 processere
839 1699 852 1720 ,
884 1679 979 1708 non
1009 1661 1123 1707 ultra
1148 1660 1219 1706 vis
1239 1675 1398 1705 eorum
1418 1669 1486 1702 at-

201 1757 289 1803 que
309 1741 502 1801 impetus
528 1736 727 1784 sustineri
763 1747 989 1798 poterant.
1028 1735 1146 1780 Cum
1176 1745 1300 1795 terga
1327 1728 1488 1777 vertis-

207 1814 298 1860 sent
328 1809 688 1865 Lacedaemonii,
721 1809 768 1855 δέ
801 1807 932 1854 effusa
966 1807 1070 1869 fuga
1102 1803 1329 1866 superiora
1360 1812 1487 1864 pete-

203 1901 303 1932 rent
330 1887 430 1932 loca
448 1902 461 1939 ;
482 1883 622 1930 Nabis
641 1882 820 1947 quidem
841 1918 854 1939 ,
876 1893 926 1927 ut
957 1892 1083 1942 capta
1106 1878 1214 1925 urbe
1239 1876 1486 1938 trepidans,

204 1976 394 2021 quanam
427 1957 516 2019 ipse
546 1956 785 2013 evaderet,
821 1952 1223 2015 circumspectabat.
1256 1948 1490 2013 Pythago-

204 2048 269 2077 ras
294 2047 393 2077 cum
416 2030 469 2074 ad
490 2041 635 2075 cetera
664 2027 816 2073 animo
845 2027 1092 2087 officioque
1120 2023 1244 2070 ducis
1272 2021 1489 2084 fungeba-

203 2115 303 2161 tur,
325 2113 422 2148 tum
441 2117 553 2148 vero
582 2100 735 2157 unus?
747 2116 802 2146 ne
825 2111 1056 2160 caperetur
1076 2096 1181 2142 urbs
1197 2132 1211 2153 ,
1241 2094 1368 2142 causa
1388 2093 1486 2140 fuit.

204 2173 411 2222 succendi
440 2173 560 2220 enim
591 2171 778 2219 aedificia
807 2172 1015 2234 proxima
1049 2186 1181 2216 muro
1216 2167 1347 2229 juffit.
1388 2184 1490 2230 quae

204 2267 307 2297 cum
336 2259 571 2295 momento
594 2246 812 2310 temporis
842 2246 1066 2303 arsissent,
1097 2255 1147 2290 ut
1167 2240 1487 2304 adjuvantibus

204 2324 352 2387 ignem
373 2359 386 2382 ,
411 2323 487 2386 qui
506 2322 606 2368 alias
637 2322 691 2368 ad
712 2320 1085 2384 exstinguendum
1108 2334 1242 2380 opem
1274 2315 1387 2361 ferre
1410 2312 1485 2358 so-

204 2398 297 2443 ient
316 2433 332 2453 ‚
361 2413 487 2442 ruere
507 2395 551 2440 in
571 2397 807 2442 Romanos
827 2395 937 2441 te6³ta
962 2411 972 2438 z
1006 2409 1089 2439 nec
1115 2390 1360 2454 tegularum
1385 2402 1487 2431 mo-

203 2473 267 2520 do
290 2470 560 2535 fragmenta,
592 2469 663 2516 sed
689 2469 822 2516 etiam
852 2468 1049 2515 ambusta
1078 2461 1202 2530 tigna
1219 2500 1232 2523 ,
1262 2463 1316 2510 ad
1343 2477 1488 2507 arma-
