1592 2724
271 167 817 217 HISTORIARUM
857 167 982 213 LIB.
1019 166 1233 212 XXVIII.
1334 175 1390 228 25

112 287 319 340 poterat,
350 275 452 339 quia
483 274 615 338 pulsis
644 270 801 336 (quod
829 287 972 334 prope
1008 270 1203 317 invicem
1229 268 1400 334 fiebat)

111 351 159 397 in
180 350 319 396 aciem
344 349 541 412 peditum
558 355 694 394 'tutus
719 357 926 408 receptus
954 356 1061 392 erat.
1095 343 1168 390 sed
1196 343 1274 390 ubi
1307 343 1397 404 jam

113 423 232 471 haud
269 424 367 485 pius
404 422 673 485 quingentos
706 418 852 482 passus
884 417 1001 465 acies
1034 417 1150 464 inter
1178 415 1265 463 sese
1292 417 1400 462 abe-

111 508 231 553 rant,
254 495 380 559 signo
400 491 600 556 receptui
624 491 755 550 dato,
775 489 928 553 Scipio
942 526 956 549 ,
984 488 1299 554 patefactisque
1319 505 1399 534 or-

112 567 291 614 dinibus
308 603 321 625 ,
343 565 588 629 equitatum
616 579 799 611 omnem
830 563 1070 626 levemque
1099 574 1401 618 armaturam,

114 640 161 686 in
198 640 393 687 medium
428 651 655 701 acceptam
691 635 970 700 divisamque
1004 636 1051 683 in
1082 647 1230 698 partes
1264 634 1403 691 duas,

114 713 163 759 in
188 713 382 760 subsidiis
402 711 502 775 post
524 728 695 759 cornua
715 711 850 758 locat.
878 710 983 756 Inde
998 746 1011 768 ,
1033 710 1113 756 ubi
1130 707 1405 770 incipiendae

112 787 198 849 jam
220 804 381 850 pugnae
410 801 586 849 tempus
612 798 732 844 erat,
765 784 986 848 Hispanos
1009 783 1093 848 (ea
1115 782 1259 830 media
1286 782 1404 829 acies

115 860 232 922 fuit)
265 862 409 924 preffo
450 861 588 924 gradu
628 859 834 908 incedere
871 857 1008 921 jubet.
1049 856 1141 921 ipse
1176 873 1202 903 e
1238 856 1404 903 dextro

116 953 261 983 cornu
291 936 385 1001 (ibi
418 952 610 999 namque
643 937 856 999 praeerat)
883 932 1091 981 nuntium
1121 932 1175 979 ad
1201 931 1404 978 Silanum

115 1012 167 1058 &
186 1011 407 1058 Marcium
425 1010 585 1068 mittit,
610 1021 660 1056 ut
680 1025 825 1056 cornu
851 1008 1145 1056 extenderent
1165 1006 1212 1052 in
1233 1003 1404 1050 finisti-a

115 1099 265 1144 parte,
297 1083 675 1147 quemadmodum
697 1081 738 1128 se
758 1083 1017 1129 tendentem
1043 1097 1066 1126 a
1088 1079 1243 1125 dextra
1262 1076 1403 1124 vidis-

117 1155 241 1203 sent:
269 1158 319 1203 &
344 1173 446 1204 cum
475 1155 696 1218 expeditis
725 1155 926 1217 peditum
953 1152 1247 1215 equitumque
1280 1150 1405 1211 prius

119 1244 316 1291 pugnam
350 1227 636 1275 consererent
668 1244 771 1274 cum
801 1226 951 1283 hoste,
972 1241 1105 1287 quam
1130 1223 1254 1270 coire
1288 1222 1408 1268 inter

117 1299 162 1346 se
191 1301 347 1347 mediae
371 1300 488 1349 acies
520 1300 709 1364 poffent.
742 1303 805 1346 lta
831 1298 1015 1345 <uetueris
1048 1296 1265 1346 cornibus
1302 1311 1408 1341 cum

117 1374 257 1420 ternis
284 1374 483 1437 peditum
513 1373 807 1432 cohortibus,
828 1372 1051 1437 ternisque
1079 1371 1282 1434 equitum
1308 1380 1408 1414 tur-

120 1444 225 1503 mis,
250 1448 303 1492 ad
322 1446 412 1502 hoc
435 1446 644 1494 velitibus
660 1483 673 1505 ,
695 1446 834 1493 citato
854 1447 990 1509 gradu
1016 1445 1060 1490 in
1081 1443 1257 1490 hostem·
1273 1442 1407 1490 duce-

120 1516 252 1576 bant,
275 1518 559 1582 sequentibus
577 1520 623 1565 in
644 1518 881 1581 obliquum
901 1518 1012 1565 aliis.
1041 1510 1172 1564 Sinus
1188 1517 1234 1561 in
1254 1514 1408 1560 medio

119 1603 240 1646 erat,
262 1591 363 1653 quia
385 1591 554 1655 segnius
575 1591 877 1654 Hispanorum
903 1591 1021 1653 signa
1040 1588 1323 1635 incedebant.
1356 1587 1408 1633 &

119 1661 208 1724 jam
248 1663 547 1710 conflixerant
582 1670 786 1720 cornua,
817 1680 944 1720 cum,
979 1663 1103 1726 quod
1135 1659 1319 1708 roboris
1360 1660 1408 1706 in

122 1737 217 1783 acie
249 1737 442 1784 hostium
465 1750 585 1793 erat,
607 1739 738 1784 Poeni
760 1737 962 1784 veterani
995 1737 1182 1799 Afrique
1202 1735 1409 1781 nondum

122 1810 177 1855 ad
200 1810 275 1856 teli
292 1810 543 1872 conjectum
562 1811 781 1858 venifi'ent
795 1848 807 1867 ‚
822 1827 966 1874 neque
983 1810 1029 1855 in
1051 1827 1240 1866 cornua,
1258 1819 1308 1854 ut
1327 1808 1411 1853 ad-

122 1880 331 1942 juvarent
351 1897 595 1948 pugnantes
616 1920 629 1941 ‚
668 1884 910 1931 discurrere
944 1884 1181 1939 auderent,
1213 1897 1268 1926 ne
1298 1896 1407 1942 ape-

125 1954 264 2001 rirent
306 1957 497 2003 mediam
539 1956 678 2005 aciem
713 1955 916 2003 venienti
959 1972 1014 2001 ex
1047 1952 1238 2001 adverso
1276 1952 1412 1998 hosti.

127 2027 315 2075 Cornua
356 2028 541 2091 ancipiti
580 2028 750 2092 proelio
789 2030 1100 2091 urgebantur:
1138 2042 1302 2089 eques,
1339 2025 1409 2070 le-

126 2099 289 2162 visque
318 2114 566 2160 armatura,
601 2102 791 2161 velites,
827 2101 1141 2149 circumductis
1171 2099 1250 2146 alis
1273 2099 1320 2144 in
1347 2098 1410 2143 la-

128 2184 221 2217 tera
249 2171 560 2230 incurrebant3
597 2177 812 2222 cohortes
845 2192 869 2221 a
900 2175 1050 2222 fronte
1083 2172 1327 2236 urgebant,
1360 2181 1412 2217 ut

127 2243 445 2307 abrumperent
468 2263 639 2294 cornua
661 2266 685 2295 a
718 2262 864 2295 cetera
894 2249 1002 2295 acie.

191 2318 295 2365 XV.
326 2320 380 2365 Et
410 2335 511 2366 cum
542 2320 596 2367 ab
630 2320 756 2366 omni
792 2334 916 2382 parte
951 2320 1296 2382 haudquaquam
1330 2333 1412 2379 par

127 2406 278 2453 pugna
306 2404 423 2450 erat,
451 2405 547 2439 tum
568 2393 693 2457 quod
709 2393 836 2440 turba
854 2393 1094 2441 Baliarium
1116 2391 1412 2452 tironumque

129 2463 429 2527 Hispanorum
449 2466 661 2513 Romano
681 2466 934 2532 Latinoque
952 2465 1085 2513 militi
1106 2463 1279 2527 objecta
1295 2474 1413 2522 erat,
