1592 2724
164 149 218 184 10
507 133 550 181 T
583 135 600 181 1
633 137 675 183 T
709 136 728 181 1
795 136 830 181 L
865 136 882 180 1
918 136 961 180 v
996 138 1015 183 1
1046 137 1068 183 ι
1101 120 1103 122 ’

223 240 297 286 VI.
333 239 594 300 Quatriduo
627 241 754 304 post,
789 259 920 304 quam
956 241 1135 305 appulsa
1172 243 1311 291 claffis
1347 234 1439 304 est,¹

157 311 314 358 urbem
346 313 524 375 aggreffi
558 313 669 360 suut.
704 313 749 360 id
783 327 957 376 tempus
979 315 1172 362 occultis
1201 333 1304 363 cum
1337 318 1437 362 Pla-

158 395 286 442 tore,
306 385 385 446 qui
416 402 440 431 a
475 386 683 449 Philippo
714 387 978 450 praepositus
1011 388 1109 434 urbi
1142 401 1262 446 erat,
1285 389 1438 437 collo-

157 456 272 519 quiis
302 457 551 504 absumtum
574 458 647 505 est.
677 461 802 507 Duas
825 477 947 509 arces
982 461 1085 507 urbs
1113 462 1275 520 habet,
1301 479 1438 509 unam

157 528 467 575 imminentem
492 531 624 588 mari,
644 532 778 578 altera
804 532 928 579 urbis
950 534 1093 579 media
1116 534 1192 581 est.
1221 534 1438 582 cuniculo

157 599 263 646 inde
289 603 363 647 via
384 603 437 647 ad
457 619 576 649 mare
595 604 741 664 ducit,
760 623 892 669 quam
911 623 934 653 a
959 606 1068 653 mari
1089 606 1221 653 turris
1239 607 1440 670 quinque

159 674 487 732 tabulatorum,
507 676 732 739 egregium
750 678 1167 741 propugnaculum,
1189 678 1439 725 claudebat.

159 747 225 792 lbi
255 746 402 808 primo
427 747 744 794 atrociffimum
778 751 1058 796 contrabium
1095 751 1155 797 est
1185 762 1407 797 certamen
1425 784 1440 807 ‚

161 822 212 866 ὃς
228 832 346 865 turre
367 819 573 866 instrucia
593 822 720 868 omni
739 839 899 885 genere
923 823 1119 870 telorum
1134 860 1147 883 ‚
1167 825 1216 871 &
1235 837 1441 870 torm-2:11-

161 890 218 936 tis
253 891 554 955 machinisque
573 893 627 938 ad
654 895 997 957 oppugnandam
1030 912 1125 941 eam
1159 913 1213 942 er<
1246 896 1442 941 navibus

163 963 389 1024 expositis.
424 965 542 1011 Cum
568 966 771 1012 omnium
793 967 968 1013 animos
993 967 1240 1030 oculosque
1268 969 1314 1013 id
1340 984 1440 1015 cer-

163 1051 312 1082 tamen
339 1037 589 1097 avertisset,
620 1052 751 1101 porta
770 1039 1004 1085 maritimae
1027 1040 1138 1087 arcis
1161 1041 1310 1086 Plator
1339 1042 1442 1086 Ro-

162 1123 322 1154 manos
338 1109 536 1171 accepit,
564 1124 889 1175 momentoque
908 1129 988 1159 arx·
1013 1127 1232 1176 occupata
1250 1113 1323 1159 est.
1345 1114 1444 1175 Op-

162 1181 347 1244 pidani,
377 1182 487 1243 pulsi
519 1181 632 1229 inde
653 1183 699 1229 in
733 1185 923 1231 mediam
956 1186 1135 1244 urbem,
1169 1187 1224 1232 ad
1257 1186 1442 1232 alteram

162 1254 345 1301 tendere
371 1272 532 1304 arcem.
559 1259 614 1302 Et
644 1256 707 1303 ibi
734 1257 869 1321 positi
889 1270 1042 1318 erant,
1062 1258 1142 1322 qui
1163 1257 1281 1304 fores
1299 1269 1445 1321 portae

164 1328 430 1389 objicerent.
463 1327 523 1375 ita
553 1328 718 1375 exclusi
749 1329 796 1375 in
826 1329 976 1376 medio
1001 1332 1232 1377 caeduntur
1257 1331 1444 1393 capiun-

164 1413 341 1463 turque.
381 1402 683 1448 Macedonum
720 1403 971 1464 praefidium
1007 1403 1335 1466 conglobatum
1368 1402 1447 1448 sub

165 1474 279 1521 arcis
300 1491 434 1521 muro
456 1474 595 1531 stetin
618 1493 702 1522 nec
730 1476 834 1540 fuga
858 1476 988 1523 effuse
1015 1478 1175 1539 petita,
1202 1494 1285 1523 nec
1305 1476 1446 1539 perti-

165 1547 337 1594 naciter
363 1548 527 1611 proelio
551 1548 682 1595 inito.
715 1552 804 1596 Eos
833 1551 1013 1607 Plator,
1036 1551 1170 1597 venia
1198 1569 1222 1598 a
1243 1550 1447 1613 Sulpicio

166 1618 400 1681 impetrata
410 1656 424 1678 ‚
438 1620 484 1666 in
497 1637 634 1668 naves
649 1619 882 1682 impositos
896 1622 951 1667 ad
961 1621 1248 1668 Demetrium
1264 1622 1449 1668 Phthio-

166 1690 270 1737 tidis
293 1691 497 1754 exposuit
516 1691 632 1755 :ipse
651 1692 704 1738 ad
722 1693 919 1739 Attalum
937 1693 978 1740 se
995 1694 1177 1756 recepit.
1200 1694 1451 1756 Sulpicius,

166 1778 256 1812 tam
276 1765 395 1813 facili
412 1767 465 1813 ad
480 1769 650 1813 Oreum
672 1767 865 1815 succeffu
883 1768 1044 1827 elatus,
1063 1768 1320 1815 Chalcidem
1345 1767 1451 1813 inde

167 1837 378 1901 protinus
402 1839 579 1886 vicirici
607 1839 731 1886 claffe
756 1841 882 1902 petit.
917 1840 996 1886 ubi
1022 1841 1364 1903 haudquaquam
1396 1839 1452 1885 ad

169 1911 290 1974 spem
320 1925 511 1960 eventus
539 1914 780 1977 respondit.
817 1917 884 1961 Ex
912 1915 1080 1977 patenti
1112 1913 1325 1977 utrinque
1347 1930 1455 1960 coa-

170 1986 288 2032 &um
326 1986 373 2032 in
409 1986 625 2050 angustias
662 2003 807 2045 mare,
845 1987 1035 2049 speciem
1069 1986 1260 2032 intuenti
1302 1985 1452 2048 primo

171 2057 338 2120 gemini
356 2070 514 2119 portus
536 2058 582 2103 in
603 2074 684 2104 ora
704 2059 794 2104 duo
817 2058 930 2106 verfi
951 2058 1191 2120 praebuerit
1209 2076 1219 2104 :
1243 2056 1315 2104 sed
1334 2056 1453 2104 haud

172 2129 301 2177 facile
333 2130 416 2176 alia
445 2130 648 2176 infestior
683 2130 801 2177 claffi
837 2130 969 2177 statio
999 2131 1075 2177 est.
1114 2147 1216 2175 nam
1244 2131 1293 2176 &
1325 2128 1452 2178 venti

173 2203 230 2250 ab
258 2202 484 2267 utriusque
508 2214 635 2248 terrae
654 2203 847 2265 praealtis
867 2204 1100 2249 montibus
1124 2202 1255 2248 subiti
1270 2218 1319 2248 ac
1346 2217 1451 2264 pro-

173 2273 325 2321 cellofi
357 2273 400 2320 se
436 2272 674 2335 dejiciunt,
707 2276 757 2321 &
793 2274 958 2321 fretum
992 2274 1133 2337 ipsum
1165 2273 1319 2334 Euripi
1355 2289 1452 2318 non

172 2349 331 2411 septies
358 2347 457 2406 die,
477 2348 587 2394 ficut
607 2347 722 2394 fama
747 2347 860 2406 fert,
887 2348 1167 2411 temporibus
1193 2345 1310 2393 statis
1335 2344 1452 2392 reci-

165 2435 363 2486 procat:
399 2421 472 2471 sed
500 2434 663 2471 temere
696 2423 744 2471 in
779 2424 966 2472 modum
999 2423 1156 2485 venti,
1179 2438 1300 2474 nunc
1334 2421 1454 2489 huc?
