1592 2724
154 152 219 203 r40
512 136 1076 187 T1T1L1v11

157 260 330 297 mentes
362 248 461 295 sunt
492 264 589 295 non
620 260 716 295 tum
748 248 971 311 primum,
1010 267 1113 296 cum
1148 249 1200 297 de
1232 249 1324 298 vita
1350 250 1439 298 imn-⁴

157 323 379 390 peratoris
412 322 534 369 dubii
564 339 770 369 rumores
803 323 919 369 allati
952 323 1075 377 sunu,
1102 322 1174 369 sed
1193 324 1280 384 jam
1307 336 1438 382 ante,

158 398 341 448 licentia
368 414 422 443 cx
449 396 654 452 diutino,
683 411 734 443 ut
761 395 837 455 fit,
873 397 971 443 otio
1000 397 1214 454 collecta,
1248 399 1297 444 &
1318 414 1442 444 non-

159 471 271 520 nihil
291 507 305 527 ,
331 469 454 533 quod
478 469 524 514 in
545 468 726 515 hostico
756 468 898 515 laxius
928 481 1060 531 rapto
1094 468 1225 515 suetis
1250 469 1441 527 vivere,

159 544 370 594 arffiores
389 542 432 587 in
453 558 561 604 pace
580 558 649 587 res
670 554 808 589 erant.
840 545 906 590 Ac
924 544 1074 605 primo
1097 542 1321 588 sermones
1341 554 1443 589 tan-

157 630 258 666 tum
291 613 459 662 Occulti
491 613 748 660 serebantur
765 650 779 668 ,
794 615 845 679 si
856 618 1002 662 bellum
1023 619 1067 661 itz
1085 618 1307 675 provincia
1327 613 1443 678 fft,

160 695 263 754 quid
283 690 372 750 sese
397 691 502 732 inter
527 703 707 748 pacatos
727 688 904 746 fizcere?
961 710 975 734 ι
1006 693 1245 735 debellatum
1269 689 1369 745 jam
1400 687 1443 734 G·

160 763 343 823 confec‘ia
368 764 587 822 provincia
619 759 735 824 (stet,
769 780 840 808 cur
866 765 912 807 in
946 765 1118 808 Italiam
1151 780 1236 808 non
1270 764 1445 807 revelli?

160 834 425 897 Flagitatum
453 848 635 894 quoque
657 832 925 894 stipendium
944 834 1183 896 procacius
1198 871 1211 891 ‚
1231 851 1366 896 quam
1386 849 1445 880 ex

161 924 289 954 more
309 908 357 952 &
376 904 591 951 modestia
610 905 788 952 militari
805 918 915 953 erat:
935 910 982 954 &
999 906 1054 953 ab
1069 907 1326 953 custodibus
1340 923 1446 968 pro-

162 982 243 1029 bra
264 981 309 1026 in
332 979 660 1025 circumeuntes
687 978 862 1042 vigilias
892 980 1099 1026 tribunos
1119 980 1253 1042 jacta:
1284 981 1334 1026 δι
1358 997 1449 1025 no·-

162 1056 236 1102 &u
257 1054 436 1116 quidam
469 1053 714 1114 praedatum
739 1054 786 1099 in
813 1070 971 1117 agrum
995 1054 1111 1101 circa
1142 1065 1349 1116 pacatum
1379 1053 1448 1098 ie·-

162 1141 262 1176 rant
281 1147 291 1175 :
310 1128 538 1187 postremo
568 1126 764 1172 interdiu
782 1145 833 1173 ac
856 1127 1090 1189 propalam
1110 1126 1199 1172 sine
1220 1141 1448 1172 commea-

162 1217 212 1251 tu
235 1205 288 1250 ab
314 1202 446 1265 lignis
477 1202 672 1248 abibant.
705 1201 860 1246 omnia
883 1200 1069 1246 libidine
1090 1217 1142 1246 ac
1162 1198 1341 1246 licentia
1362 1197 1449 1243 mi-

161 1277 293 1323 litum
310 1311 324 1333 ,
352 1275 462 1320 nihil
483 1274 686 1319 instituto
711 1290 761 1320 ac
780 1272 1012 1334 disciplina
1040 1271 1235 1329 militiae,
1265 1282 1340 1317 aut
1364 1270 1447 1316 im·-

162 1351 293 1413 perio
309 1365 465 1394 eorum
478 1385 493 1405 ,
512 1347 590 1411 qui
607 1359 848 1410 praeerant,
865 1347 1113 1411 gerebatur.
1135 1346 1280 1393 forma
1296 1356 1446 1390 tamen

162 1426 478 1470 Romanorum
505 1420 750 1468 castrorum
769 1421 1000 1469 constabat
1018 1438 1106 1467 una
1128 1437 1178 1466 ea
1204 1418 1301 1481 spe,
1320 1416 1449 1481 quod

161 1497 374 1543 tribunos
413 1512 467 1541 ex
501 1496 776 1558 contagione
808 1494 974 1540 furoris
1001 1492 1119 1539 haud
1150 1503 1352 1554 expertes
1382 1490 1450 1536 se-

162 1568 350 1616 ditionis
380 1566 729 1630 defeffionisque
750 1567 832 1613 rati
854 1567 979 1623 fore,
998 1567 1047 1612 &
1077 1565 1172 1625 jura
1198 1563 1379 1610 reddere
1399 1562 1448 1609 in

161 1638 400 1704 principiis
432 1640 657 1697 sinebant,
686 1642 736 1687 δε
762 1639 933 1703 fignum
964 1639 1018 1684 ab
1042 1638 1104 1684 eis
1131 1637 1367 1699 petebant,
1397 1635 1449 1683 &

163 1712 213 1758 in
249 1711 460 1757 stationes
495 1726 548 1757 ac
584 1709 760 1772 vigilias
796 1710 843 1755 in
880 1709 1086 1755 ordinem
1119 1706 1271 1752 ibant:
1294 1706 1371 1761 &‚
1399 1714 1450 1749 ut

163 1786 262 1833 vim
296 1785 473 1847 imperii
502 1783 801 1841 abstulerant,
830 1783 890 1830 ita
922 1782 1112 1845 speciem
1139 1779 1258 1825 dicto
1290 1794 1449 1840 paren-

159 1861 276 1908 tium
290 1897 304 1918 ,
322 1860 445 1906 ultro
467 1858 546 1904 fibi
567 1857 858 1918 imperantes,
876 1855 1127 1903 servabant.
1145 1850 1302 1914 Erupit
1322 1850 1450 1896 dein-

160 1935 216 1981 de
234 1932 419 1989 seditio‚
438 1931 677 1995 postquam
697 1931 1020 1993 reprehendere
1041 1940 1172 1989 atque
1193 1924 1451 1988 improbare

160 2007 371 2054 tribunos
409 2023 489 2064 ea,
518 2022 621 2068 quae
653 2003 839 2060 fierent,
870 2004 920 2049 &
952 2000 1107 2048 conari
1138 1998 1325 2045 obviam
1358 1998 1449 2055 ire,

159 2082 213 2128 &
252 2078 485 2143 propalam
523 2079 747 2135 abnuere,
782 2075 949 2123 furoris
986 2090 1145 2121 eorum
1188 2071 1228 2118 se
1269 2060 1448 2118 futuros

159 2152 337 2209 socios,
360 2150 602 2197 senserunt.
636 2147 810 2211 Fugatis
843 2146 993 2208 itaque
1018 2162 1074 2191 ex
1108 2140 1364 2207 principiis,
1391 2157 1445 2187 ac

158 2225 292 2287 post
281 2223 413 2270 naulo
434 2239 458 2268 e
473 2220 621 2269 castris
639 2219 858 2276 tribunis,
878 2219 933 2265 ad
951 2217 1178 2279 principes
1194 2213 1443 2273 seditionis,

157 2296 390 2360 gregarios
410 2294 597 2351 milites,
611 2294 665 2340 C.
686 2291 867 2339 Albium
886 2290 1110 2337 Calenum
1129 2291 1179 2336 &
1194 2289 1248 2334 C.
1265 2286 1443 2333 Atrium

160 2371 408 2427 [hubi-‚um
430 2368 623 2415 dalatum
645 2366 850 2413 omnium
876 2363 1122 2412 consensu
1113 2361 1349 2424 imperium
1367 2359 1447 2407 est.

156 2445 266 2510 qui,
304 2460 588 2510 nequaquam
616 2440 869 2491 tribuniciis
904 2438 1111 2488 contenti
1137 2434 1434 2493 ornamentis,
