1592 2724
309 192 847 242 HISTORIARUM
891 191 1019 240 Lis.
1053 154 1259 240 XXIX..
1319 203 1408 251 129

134 311 366 359 oneratus,
387 301 419 346 s1
452 312 584 364 caput
617 299 850 347 Mafiniffae
879 298 1117 357 retulisset,
1140 311 1215 345 aut
1244 297 1409 347 vivum

132 372 215 433 (id
233 387 347 419 vero
366 371 668 418 inaestimabile
685 371 890 436 gaudium
910 369 1043 432 fore)
1064 370 1265 432 cepisset,
1285 370 1411 432 pala-

133 455 208 491 tos
233 443 542 507 incurioseque
566 456 741 507 agentes
769 441 1020 505 improviso
1044 442 1248 497 adortus,
1269 459 1410 503 peeo-

135 533 234 564 rum
274 518 596 581 hominumque
626 516 796 580 ingenti
836 514 1118 561 multitudine
1151 533 1175 562 a
1206 516 1412 577 praesidio

137 601 413 636 armatorum
433 587 635 646 exclusa,
667 586 933 633 Masinissam
960 585 1102 648 ipsum
1131 602 1232 633 cum
1259 586 1413 648 paucis

137 659 186 706 in
212 661 425 708 verticem
451 660 619 707 montis
643 659 887 721 compellit.
926 659 1056 717 Inde,
1077 676 1220 722 prope
1248 671 1297 705 ut
1324 658 1416 720 jam

140 735 360 782 debellato
374 771 388 794 ‚
410 751 491 784 nec
511 735 659 798 praeda
681 734 822 781 modo
846 750 1065 796 pecorum
1087 734 1415 796 hominumque

141 818 375 869 captorum
399 806 520 852 missa
549 806 604 853 ad
626 822 800 869 regem,
820 803 892 851 sed
921 805 1065 867 copiis
1092 805 1247 863 etiam,
1265 816 1314 850 ut
1332 804 1418 850 ali-

141 892 314 942 quanto
337 878 582 939 majoribus
596 913 610 936 ,
633 894 768 942 quam
787 892 872 940 pro
892 876 1089 939 reliquiis
1108 877 1211 922 belli
1227 912 1241 934 ,
1261 874 1418 922 remis-

141 952 224 1009 ἧς,
247 968 347 998 cum
369 951 622 1015 quingentis
647 951 765 997 haud
783 949 971 1012 amplius
998 949 1220 1011 peditibus
1246 950 1420 995 ducen-

136 1022 285 1086 tisque
303 1023 553 1087 equitibus,
582 1022 826 1086 degressum
847 1021 959 1084 jugis
985 1020 1252 1068 Masinissam
1273 1020 1422 1082 perse-

141 1108 301 1156 cutus,
320 1097 366 1143 in
385 1095 500 1144 valle
522 1098 657 1154 arsia,
674 1096 875 1143 faucibus
895 1094 1106 1158 utrinque
1129 1094 1331 1151 obsessis,
1352 1095 1423 1140 in·

147 1171 290 1217 clusit.
311 1170 372 1217 ibi
396 1171 550 1232 ingens
571 1170 710 1217 caedes
734 1169 1031 1232 Maffylorum
1056 1169 1178 1215 fat‘la.
1205 1166 1425 1214 Masinissa

147 1259 253 1290 cum
281 1242 605 1306 quinquaginta
624 1241 743 1288 haud
770 1241 959 1303 amplius
991 1240 1214 1303 equitibus
1239 1255 1318 1300 per
1344 1255 1426 1284 an-

149 1315 310 1362 stasius
342 1314 508 1361 montis
540 1314 722 1378 ignotos
753 1313 1036 1376 sequentibus
1066 1311 1107 1358 se
1127 1311 1306 1374 eripuit.
1336 1313 1428 1358 Te-

149 1388 249 1435 nuit
278 1399 425 1434 tamen
453 1386 635 1449 vestigia
662 1386 867 1432 Bocehar
890 1384 1187 1447 :adeptusque
1216 1401 1317 1430 eum
1345 1395 1429 1445 pa-

148 1458 345 1506 tentibus
374 1474 516 1520 prope
558 1458 779 1520 Clupeam
819 1456 976 1502 urbem
1013 1456 1208 1519 campis,
1238 1455 1298 1502 ita
1336 1455 1430 1502 cir-

151 1528 415 1585 cumvenit,
450 1540 523 1585 ut,
546 1539 707 1590 praeter
740 1539 932 1590 quatuor
957 1526 1150 1589 equites,
1181 1541 1338 1572 omnes
1374 1525 1432 1571 ad

152 1620 293 1649 unum
324 1599 604 1649 interficeret.
637 1617 738 1648 cum
770 1600 822 1645 iis
842 1599 983 1661 ipsum
1015 1614 1198 1660 quoque
1221 1596 1433 1645 Mafinis-

154 1677 242 1723 sam
260 1676 452 1722 saucium
473 1690 617 1737 prope
632 1691 654 1720 e
668 1672 872 1720 manibus
892 1672 1006 1718 inter
1024 1672 1262 1718 tumultum
1276 1671 1436 1721 amisit.

157 1752 206 1795 ln
230 1747 469 1810 conspeffit
488 1759 612 1793 erant
632 1746 851 1809 fugientes
874 1764 884 1791 z
907 1744 974 1791 ala
994 1743 1193 1805 equitum
1208 1779 1223 1802 ,
1245 1743 1434 1805 dispersa

157 1833 262 1869 toto
288 1837 448 1883 campo
465 1856 478 1877 ,
496 1820 754 1883 quibusdam
772 1854 785 1876 ‚
806 1831 855 1864 ut
875 1830 1187 1873 occurrerent,
1207 1833 1288 1879 per
1316 1818 1438 1863 obli-

159 1911 247 1956 qua
269 1893 577 1951 tendentibus,
594 1892 795 1955 quinque
815 1888 963 1935 hostes
981 1889 1254 1952 sequebatur.
1294 1888 1439 1937 amnis

161 1963 316 2027 ingens
348 1962 565 2025 fugientes
589 1962 761 2023 accepit
775 1997 790 2018 ,
817 1962 990 2023 (neque
1015 1961 1134 2007 euim
1156 1961 1440 2021 ciln&anter‚

163 2047 216 2082 ut
246 2051 360 2097 quos
390 2034 533 2095 major
562 2047 706 2080 metus
736 2046 935 2097 urgeret,
966 2034 1235 2081 immiserant
1262 2034 1442 2100 equos)

166 2107 371 2169 raptique
399 2106 596 2168 gurgite,
625 2109 675 2152 &
706 2106 752 2152 in
780 2106 1015 2169 obliquum
1046 2105 1231 2169 praelati.
1266 2107 1443 2154 duobus

167 2180 216 2226 in
236 2179 475 2240 conspessu
498 2179 690 2224 hostium
709 2180 755 2225 in
773 2179 1069 2241 praerapidum
1091 2178 1309 2241 gurgitem
1330 2180 1441 2225 bau·-

170 2252 267 2312 stis‚
302 2253 390 2315 ipse
423 2253 594 2315 periisse
630 2253 833 2300 creditus.
869 2265 911 2299 at
949 2254 1040 2298 duo
1074 2251 1234 2314 reliqui
1273 2254 1445 2315 equites

170 2343 273 2373 cum
300 2342 355 2372 eo
384 2325 498 2370 inter
533 2324 725 2387 virgulta
754 2324 981 2371 ulterioris
1018 2324 1127 2387 ripoe
1159 2323 1445 2372 emerserunt.

169 2401 208 2446 Is
235 2398 333 2445 finis
357 2397 576 2444 Bocchari
595 2397 801 2461 sequendi
834 2396 949 2455 fuit,
973 2413 1053 2443 nec
1086 2395 1257 2459 ingredi
1276 2395 1445 2444 flumen

171 2472 306 2528 ause,
339 2487 420 2517 nec
453 2470 615 2516 habere
643 2471 840 2519 credenti
874 2469 916 2520 se
936 2469 1055 2531 jam,
1088 2485 1219 2533 quem
1245 2461 1448 2532 sequeres

237 2545 286 2591 T.
315 2547 406 2590 Lz'r.
436 2547 533 2591 Vol.
566 2546 626 2591 V.
708 2569 714 2575 ·
1176 2543 1194 2586 1
1313 2542 1316 2544 μ
