1592 2724
280 177 827 225 HISTORIARUM
863 178 985 224 LIB.
1020 178 1217 225 XXXII.
1304 177 1397 240 287

106 284 271 330 summa
299 283 347 331 vi
381 284 743 346 oppugnabatur.
777 298 881 327 nam
908 284 958 328 &
978 282 1113 329 trium
1147 282 1397 343 junClarum

107 355 304 402 claffium
335 371 473 403 naves
508 354 654 402 omnis
685 353 859 416 generis
889 366 1113 399 tormenta
1143 355 1398 403 machinas-

106 445 194 490 que
222 428 277 473 ad
306 428 486 474 urbium
518 426 692 473 excidia
727 425 873 472 secum
910 426 1186 488 protabant,
1220 429 1269 475 ὅ(
1303 429 1398 492 agri

108 497 276 551 affatim
305 500 499 547 materiae
522 499 781 562 praebebant
813 498 867 544 ad
895 514 1016 546 nova
1043 499 1269 546 molienda
1289 519 1400 564 ope-

108 589 171 620 ra.
212 571 444 635 Oppidani
478 571 628 634 primo
659 571 776 617 haud
805 571 994 634 impigre
1020 571 1262 619 tuebantur
1281 591 1401 620 moe-

109 645 204 692 nia:
235 646 394 692 deinde
419 644 513 691 feffi
536 645 856 708 vulneratique
871 644 1072 709 aliquot,
1091 663 1194 694 cum
1215 648 1263 694 &
1283 651 1400 696 muri

110 734 281 784 partem
317 719 512 768 eversam
554 719 769 782 operibus
802 717 998 766 hostium
1040 732 1308 778 cernerent,
1344 722 1401 768 ad

112 793 389 839 deditionem
423 791 714 838 inclinarunt.
743 790 816 836 sed
845 790 1096 852 praesidium
1129 804 1223 840 erat
1254 795 1402 841 Mace-

113 867 285 912 donum
301 902 314 924 ,
333 881 448 927 quos
474 881 569 910 non
594 864 768 921 minus,
789 880 923 925 quam
946 865 1205 921 Romanos,
1233 879 1402 913 metue·

112 937 245 983 bant:
272 938 319 984 &
335 936 561 983 Philocles
586 935 732 999 regius
757 935 990 997 praefefius
1012 953 1035 983 a
1051 935 1268 983 Chalcide
1284 954 1403 984 nun-

112 1009 204 1055 tios
234 1010 440 1056 mittebat
459 1045 473 1066 ‚
510 1008 554 1059 se
583 1008 628 1052 in
664 1020 869 1070 ternpore
903 1006 1145 1054 affuturum
1164 1045 1177 1066 ,
1213 1007 1245 1054 fi
1276 1008 1404 1056 susti·

113 1094 273 1128 nerent
310 1081 609 1128 obsidionem.
650 1081 759 1126 Haec
788 1080 927 1126 mixta
965 1095 1086 1126 metu
1124 1080 1218 1143 spes
1251 1081 1365 1145 ultra
1387 1118 1404 1141 ‚

111 1172 247 1218 quam
275 1155 472 1209 vellent,
497 1167 571 1200 aut
600 1170 734 1216 quam
758 1153 958 1215 possent,
984 1154 1157 1200 trahere
1188 1170 1268 1201 eos
1291 1168 1404 1201 tem-

114 1246 202 1291 pus
236 1229 441 1292 cogebat.
475 1226 661 1284 deinde,
694 1225 931 1288 postquam
968 1224 1216 1272 Philoclem
1251 1228 1405 1290 repul-

114 1302 211 1349 sum
246 1303 632 1365 trepidantemque
668 1299 871 1363 refugisse
906 1299 1172 1347 Chalcidem
1215 1317 1404 1363 accepe-

116 1389 250 1435 runt,
286 1390 491 1424 oratores
527 1375 759 1438 extemplo
789 1375 842 1420 ad
872 1375 1100 1433 Attalum,
1134 1374 1316 1422 veniam
1349 1374 1405 1421 fi-

116 1451 309 1513 demque
331 1450 425 1512 ejus
454 1461 680 1512 petentes,
709 1446 935 1494 miserunt.
969 1449 1096 1494 Dum
1115 1447 1159 1493 in
1183 1447 1302 1510 spem
1324 1466 1404 1511 pa-

118 1523 181 1570 cis
202 1523 364 1569 intenti
393 1523 567 1586 segnius
595 1537 780 1567 munera
798 1519 903 1565 belli
932 1520 1133 1577 obeunt,
1156 1521 1205 1567 &
1232 1537 1282 1566 ea
1300 1538 1405 1567 mo·

117 1595 180 1641 do
198 1608 348 1658 parte,
375 1612 463 1659 qua
482 1612 638 1642 murus
658 1594 830 1640 dirutus
851 1605 946 1639 erat
960 1629 972 1651 ,
995 1593 1155 1639 ceteris
1174 1595 1406 1657 neglectis,

118 1668 331 1715 stationes
354 1680 540 1715 armatas
573 1678 843 1729 opponunt;
880 1665 1150 1726 Quinffius‚
1187 1668 1323 1713 noctu
1353 1669 1408 1713 ab

116 1757 171 1787 ea
203 1753 326 1802 parte
343 1777 355 1799 ‚
376 1757 474 1804 quae
498 1739 682 1787 minime
704 1738 897 1802 suspecta
917 1751 1009 1785 erat
1024 1775 1037 1797 ‚
1070 1738 1241 1801 impetu
1265 1739 1407 1803 fauo,

119 1815 244 1862 scalis
272 1815 430 1861 urbem
458 1815 591 1877 cepit.
621 1814 970 1877 Oppidanorum
992 1813 1142 1859 omnis
1162 1813 1409 1859 multitudo

120 1905 224 1937 cum
254 1887 525 1952 conjugibus
545 1905 596 1935 ac
614 1886 763 1934 liberis
786 1887 831 1932 in
860 1903 1008 1933 arcem
1029 1885 1256 1948 confugit:
1280 1885 1408 1932 dein-

121 1962 177 2007 de
200 1961 246 2006 in
269 1960 545 2007 deditionem
572 1959 714 2007 venit.
750 1958 957 2006 Pecuniae
979 1959 1162 2022 aurique
1181 1962 1231 2006 &
1247 1976 1407 2023 argen-

122 2034 157 2080 ti
186 2034 303 2080 haud
324 2033 422 2080 sane
440 2035 630 2081 multum
652 2033 763 2080 fuit:
795 2034 917 2096 figna
931 2068 946 2091 ,
974 2033 1136 2079 tabulae
1157 2032 1312 2096 priscae
1339 2050 1409 2079 ar-

122 2107 179 2154 tis
198 2144 211 2164 ‚
242 2119 595 2170 ornamentaque
627 2106 720 2168 ejus
757 2106 931 2170 generis
968 2106 1095 2169 plura
1114 2141 1127 2164 ,
1161 2123 1294 2170 quam
1316 2120 1410 2169 *pro

125 2180 250 2228 urbis
271 2180 575 2243 magnitudine
595 2193 668 2226 aut
697 2179 860 2242 opibus
885 2179 1070 2236 ceteris,
1100 2179 1304 2225 inventa.

192 2258 338 2303 XVII.
359 2256 576 2319 Carystus
601 2255 704 2301 inde
730 2255 917 2318 repetita
936 2273 947 2300 t
967 2255 1085 2300 unde
1112 2252 1368 2316 priusquam
1388 2267 1413 2298 e

125 2330 320 2377 navibus
359 2329 506 2390 copiae
543 2341 880 2391 exponerentur
905 2364 918 2385 ,
948 2326 1099 2373 omnis
1133 2325 1377 2371 multitudo
1399 2360 1411 2380 ,

124 2405 237 2452 urhe
267 2403 460 2460 deserta,
480 2403 527 2449 in
549 2419 695 2451 arcem
729 2401 954 2466 confugit.
986 2400 1092 2448 Inde
1123 2400 1177 2446 ad
1202 2397 1336 2444 fidem
1358 2396 1415 2442 ab

127 2476 341 2524 Romano
366 2475 602 2540 petendam
623 2487 828 2521 oratores
849 2474 1051 2520 mittunt.
1084 2470 1322 2534 oppidanis
1341 2486 1417 2515 ex-
