<?xml version="1.0" encoding="UTF-8"?>
<!DOCTYPE html PUBLIC "-//W3C//DTD XHTML 1.0 Transitional//EN"
    "http://www.w3.org/TR/xhtml1/DTD/xhtml1-transitional.dtd">
<html xmlns="http://www.w3.org/1999/xhtml" xml:lang="en" lang="en">
 <head>
  <title>
</title>
<meta http-equiv="Content-Type" content="text/html;charset=utf-8" />
  <meta name='ocr-system' content='tesseract 3.04.00' />
  <meta name='ocr-capabilities' content='ocr_page ocr_carea ocr_par ocr_line ocrx_word'/>
</head>
<body>
  <div class='ocr_page' id='page_1' title='image "./historiarumlibri05livyuoft_0149.png"; bbox 0 0 1592 2724; ppageno 0'>
   <div class='ocr_carea' id='block_1_1' title="bbox 0 140 19 793">
    <p class='ocr_par' dir='ltr' id='par_1_1' title="bbox 0 140 19 793">
     <span class='ocr_line' id='line_1_1' title="bbox 0 140 19 793; baseline 0 0"><span class='ocrx_word' id='word_1_1' title='bbox 0 140 19 793; x_wconf 95' lang='lat' dir='ltr'> </span> 
     </span>
    </p>
   </div>
   <div class='ocr_carea' id='block_1_2' title="bbox 2 234 14 793">
    <p class='ocr_par' dir='ltr' id='par_1_2' title="bbox 2 234 14 793">
     <span class='ocr_line' id='line_1_2' title="bbox 2 234 14 793; baseline 0 0"><span class='ocrx_word' id='word_1_2' title='bbox 2 234 14 793; x_wconf 95' lang='lat' dir='ltr'> </span> 
     </span>
    </p>
   </div>
   <div class='ocr_carea' id='block_1_3' title="bbox 323 168 1433 234">
    <p class='ocr_par' dir='ltr' id='par_1_3' title="bbox 323 168 1433 234">
     <span class='ocr_line' id='line_1_3' title="bbox 323 168 1433 234; baseline 0.003 -19"><span class='ocrx_word' id='word_1_3' title='bbox 323 168 876 217; x_wconf 70' lang='lat' dir='ltr'><strong>HISTORIARUM</strong></span> <span class='ocrx_word' id='word_1_4' title='bbox 917 170 1044 218; x_wconf 89' lang='lat' dir='ltr'><strong>LIB.</strong></span> <span class='ocrx_word' id='word_1_5' title='bbox 1077 171 1251 218; x_wconf 83' lang='lat' dir='ltr'>XXIX.</span> <span class='ocrx_word' id='word_1_6' title='bbox 1343 187 1433 234; x_wconf 81' lang='lat'>139</span> 
     </span>
    </p>
   </div>
   <div class='ocr_carea' id='block_1_4' title="bbox 134 275 1434 2011">
    <p class='ocr_par' dir='ltr' id='par_1_4' title="bbox 134 275 1434 2011">
     <span class='ocr_line' id='line_1_4' title="bbox 216 275 1433 340; baseline 0 -16"><span class='ocrx_word' id='word_1_7' title='bbox 216 278 473 325; x_wconf 70' lang='lat' dir='ltr'><strong>XXXvffl.</strong></span> <span class='ocrx_word' id='word_1_8' title='bbox 507 278 670 324; x_wconf 79' lang='lat' dir='ltr'>Eadem</span> <span class='ocrx_word' id='word_1_9' title='bbox 701 276 842 323; x_wconf 71' lang='lat' dir='ltr'>aestate</span> <span class='ocrx_word' id='word_1_10' title='bbox 869 275 915 321; x_wconf 88' lang='lat' dir='ltr'>in</span> <span class='ocrx_word' id='word_1_11' title='bbox 939 276 1119 322; x_wconf 83' lang='lat' dir='ltr'>Bruttiis</span> <span class='ocrx_word' id='word_1_12' title='bbox 1140 276 1387 340; x_wconf 71' lang='lat' dir='ltr'>Clampetia</span> <span class='ocrx_word' id='word_1_13' title='bbox 1407 295 1433 325; x_wconf 82' lang='lat' dir='ltr'>a</span> 
     </span>
     <span class='ocr_line' id='line_1_5' title="bbox 150 348 1434 413; baseline 0.001 -18"><span class='ocrx_word' id='word_1_14' title='bbox 150 349 334 395; x_wconf 86' lang='lat' dir='ltr'>consule</span> <span class='ocrx_word' id='word_1_15' title='bbox 354 350 401 396; x_wconf 87' lang='lat' dir='ltr'>vi</span> <span class='ocrx_word' id='word_1_16' title='bbox 430 362 583 412; x_wconf 81' lang='lat' dir='ltr'>capta,</span> <span class='ocrx_word' id='word_1_17' title='bbox 607 348 854 395; x_wconf 65' lang='lat' dir='ltr'>Consentia</span> <span class='ocrx_word' id='word_1_18' title='bbox 880 350 930 394; x_wconf 89' lang='lat'>&amp;</span> <span class='ocrx_word' id='word_1_19' title='bbox 960 348 1202 406; x_wconf 77' lang='lat' dir='ltr'>Pandosia,</span> <span class='ocrx_word' id='word_1_20' title='bbox 1220 351 1270 394; x_wconf 84' lang='lat'>&amp;</span> <span class='ocrx_word' id='word_1_21' title='bbox 1301 350 1434 413; x_wconf 81' lang='lat' dir='ltr'>igno-</span> 
     </span>
     <span class='ocr_line' id='line_1_6' title="bbox 149 420 1433 479; baseline 0.002 -11"><span class='ocrx_word' id='word_1_22' title='bbox 149 422 260 470; x_wconf 79' lang='lat' dir='ltr'>biles</span> <span class='ocrx_word' id='word_1_23' title='bbox 278 423 374 468; x_wconf 69' lang='lat' dir='ltr'>31}ae</span> <span class='ocrx_word' id='word_1_24' title='bbox 395 423 622 479; x_wconf 66' lang='lat' dir='ltr'>civitates,</span> <span class='ocrx_word' id='word_1_25' title='bbox 636 421 873 469; x_wconf 76' lang='lat' dir='ltr'>voluntate</span> <span class='ocrx_word' id='word_1_26' title='bbox 889 421 933 466; x_wconf 88' lang='lat' dir='ltr'>in</span> <span class='ocrx_word' id='word_1_27' title='bbox 955 420 1174 468; x_wconf 80' lang='lat' dir='ltr'>ditionem</span> <span class='ocrx_word' id='word_1_28' title='bbox 1194 435 1433 471; x_wconf 64' lang='lat' dir='ltr'>venerunt.</span> 
     </span>
     <span class='ocr_line' id='line_1_7' title="bbox 149 493 1433 557; baseline 0.001 -17"><span class='ocrx_word' id='word_1_29' title='bbox 149 496 227 552; x_wconf 75' lang='lat' dir='ltr'>Et,</span> <span class='ocrx_word' id='word_1_30' title='bbox 247 513 344 542; x_wconf 86' lang='lat' dir='ltr'>cum</span> <span class='ocrx_word' id='word_1_31' title='bbox 367 495 658 542; x_wconf 81' lang='lat' dir='ltr'>comitiorum</span> <span class='ocrx_word' id='word_1_32' title='bbox 679 493 765 554; x_wconf 71' lang='lat' dir='ltr'>jam</span> <span class='ocrx_word' id='word_1_33' title='bbox 787 507 1015 557; x_wconf 75' lang='lat' dir='ltr'>appeteret</span> <span class='ocrx_word' id='word_1_34' title='bbox 1032 507 1208 555; x_wconf 80' lang='lat' dir='ltr'>tempus</span> <span class='ocrx_word' id='word_1_35' title='bbox 1224 531 1236 553; x_wconf 61' lang='lat' dir='ltr'>a</span> <span class='ocrx_word' id='word_1_36' title='bbox 1258 499 1313 539; x_wconf 51' lang='lat' dir='ltr'>as:</span> <span class='ocrx_word' id='word_1_37' title='bbox 1356 512 1433 541; x_wconf 68' lang='lat' dir='ltr'>ne-</span> 
     </span>
     <span class='ocr_line' id='line_1_8' title="bbox 145 566 1431 630; baseline 0.002 -19"><span class='ocrx_word' id='word_1_38' title='bbox 145 566 258 612; x_wconf 86' lang='lat' dir='ltr'>lium</span> <span class='ocrx_word' id='word_1_39' title='bbox 280 567 432 630; x_wconf 82' lang='lat' dir='ltr'>potius</span> <span class='ocrx_word' id='word_1_40' title='bbox 449 583 505 613; x_wconf 82' lang='lat' dir='ltr'>ex</span> <span class='ocrx_word' id='word_1_41' title='bbox 524 566 720 625; x_wconf 76' lang='lat' dir='ltr'>Etruria,</span> <span class='ocrx_word' id='word_1_42' title='bbox 740 567 818 613; x_wconf 83' lang='lat' dir='ltr'>ubi</span> <span class='ocrx_word' id='word_1_43' title='bbox 841 566 952 613; x_wconf 77' lang='lat' dir='ltr'>nihil</span> <span class='ocrx_word' id='word_1_44' title='bbox 969 566 1075 614; x_wconf 88' lang='lat' dir='ltr'>belli</span> <span class='ocrx_word' id='word_1_45' title='bbox 1094 580 1188 614; x_wconf 89' lang='lat' dir='ltr'>erat</span> <span class='ocrx_word' id='word_1_46' title='bbox 1201 605 1215 624; x_wconf 90' lang='lat'>,</span> <span class='ocrx_word' id='word_1_47' title='bbox 1234 567 1431 614; x_wconf 82' lang='lat' dir='ltr'>Romam</span> 
     </span>
     <span class='ocr_line' id='line_1_9' title="bbox 148 639 1427 702; baseline 0.002 -19"><span class='ocrx_word' id='word_1_48' title='bbox 148 639 283 686; x_wconf 86' lang='lat' dir='ltr'>acciri</span> <span class='ocrx_word' id='word_1_49' title='bbox 305 640 489 702; x_wconf 79' lang='lat' dir='ltr'>placuit.</span> <span class='ocrx_word' id='word_1_50' title='bbox 508 642 546 686; x_wconf 88' lang='lat' dir='ltr'>Is</span> <span class='ocrx_word' id='word_1_51' title='bbox 566 639 771 688; x_wconf 85' lang='lat' dir='ltr'>consules</span> <span class='ocrx_word' id='word_1_52' title='bbox 793 642 878 687; x_wconf 77' lang='lat' dir='ltr'>Cn.</span> <span class='ocrx_word' id='word_1_53' title='bbox 901 640 1142 686; x_wconf 87' lang='lat' dir='ltr'>Servilium</span> <span class='ocrx_word' id='word_1_54' title='bbox 1162 640 1427 702; x_wconf 83' lang='lat' dir='ltr'>Caepionem</span> 
     </span>
     <span class='ocr_line' id='line_1_10' title="bbox 144 711 1429 775; baseline 0.002 -18"><span class='ocrx_word' id='word_1_55' title='bbox 144 711 195 757; x_wconf 81' lang='lat'>&amp;</span> <span class='ocrx_word' id='word_1_56' title='bbox 227 712 281 758; x_wconf 86' lang='lat' dir='ltr'><strong>C.</strong></span> <span class='ocrx_word' id='word_1_57' title='bbox 307 711 549 759; x_wconf 82' lang='lat' dir='ltr'>Servilium</span> <span class='ocrx_word' id='word_1_58' title='bbox 583 713 827 766; x_wconf 86' lang='lat' dir='ltr'>Geminum</span> <span class='ocrx_word' id='word_1_59' title='bbox 862 712 1047 759; x_wconf 87' lang='lat' dir='ltr'>creavit.</span> <span class='ocrx_word' id='word_1_60' title='bbox 1079 713 1184 759; x_wconf 93' lang='lat' dir='ltr'>Inde</span> <span class='ocrx_word' id='word_1_61' title='bbox 1216 713 1429 775; x_wconf 81' lang='lat' dir='ltr'>praetoria</span> 
     </span>
     <span class='ocr_line' id='line_1_11' title="bbox 147 783 1429 839; baseline 0.002 -11"><span class='ocrx_word' id='word_1_62' title='bbox 147 783 330 829; x_wconf 80' lang='lat' dir='ltr'>comitia</span> <span class='ocrx_word' id='word_1_63' title='bbox 365 784 529 832; x_wconf 84' lang='lat' dir='ltr'>habita.</span> <span class='ocrx_word' id='word_1_64' title='bbox 566 785 701 832; x_wconf 83' lang='lat' dir='ltr'>creati</span> <span class='ocrx_word' id='word_1_65' title='bbox 744 785 791 831; x_wconf 86' lang='lat' dir='ltr'><strong>P.</strong></span> <span class='ocrx_word' id='word_1_66' title='bbox 827 784 1069 833; x_wconf 86' lang='lat' dir='ltr'>Cornelius</span> <span class='ocrx_word' id='word_1_67' title='bbox 1105 784 1344 839; x_wconf 79' lang='lat' dir='ltr'><strong>Lentulus,</strong></span> <span class='ocrx_word' id='word_1_68' title='bbox 1380 785 1429 832; x_wconf 98' lang='lat' dir='ltr'><strong>P.</strong></span> 
     </span>
     <span class='ocr_line' id='line_1_12' title="bbox 145 857 1428 920; baseline 0 -18"><span class='ocrx_word' id='word_1_69' title='bbox 145 857 420 916; x_wconf 65' lang='lat' dir='ltr'>Quinclilius</span> <span class='ocrx_word' id='word_1_70' title='bbox 440 861 614 917; x_wconf 77' lang='lat' dir='ltr'>Varus,</span> <span class='ocrx_word' id='word_1_71' title='bbox 630 860 678 906; x_wconf 90' lang='lat' dir='ltr'><strong>P.</strong></span> <span class='ocrx_word' id='word_1_72' title='bbox 696 858 837 905; x_wconf 86' lang='lat' dir='ltr'>AElius</span> <span class='ocrx_word' id='word_1_73' title='bbox 862 859 1030 914; x_wconf 73' lang='lat' dir='ltr'>Paetus,</span> <span class='ocrx_word' id='word_1_74' title='bbox 1057 858 1106 904; x_wconf 87' lang='grc' dir='ltr'>Ρ.</span> <span class='ocrx_word' id='word_1_75' title='bbox 1124 857 1286 903; x_wconf 77' lang='lat' dir='ltr'>Villius</span> <span class='ocrx_word' id='word_1_76' title='bbox 1305 858 1428 920; x_wconf 89' lang='lat' dir='ltr'>Tap-</span> 
     </span>
     <span class='ocr_line' id='line_1_13' title="bbox 144 929 1425 993; baseline 0.003 -20"><span class='ocrx_word' id='word_1_77' title='bbox 144 929 289 991; x_wconf 89' lang='lat' dir='ltr'>pulus.</span> <span class='ocrx_word' id='word_1_78' title='bbox 326 931 385 977; x_wconf 90' lang='lat' dir='ltr'>Hi</span> <span class='ocrx_word' id='word_1_79' title='bbox 410 931 524 989; x_wconf 86' lang='lat' dir='ltr'>duo,</span> <span class='ocrx_word' id='word_1_80' title='bbox 547 949 651 979; x_wconf 89' lang='lat' dir='ltr'>cum</span> <span class='ocrx_word' id='word_1_81' title='bbox 679 930 827 978; x_wconf 84' lang='lat' dir='ltr'>aediles</span> <span class='ocrx_word' id='word_1_82' title='bbox 857 930 998 993; x_wconf 89' lang='lat' dir='ltr'>plebis</span> <span class='ocrx_word' id='word_1_83' title='bbox 1026 930 1183 986; x_wconf 72' lang='lat' dir='ltr'>essent,</span> <span class='ocrx_word' id='word_1_84' title='bbox 1210 942 1425 993; x_wconf 75' lang='lat' dir='ltr'>praetores</span> 
     </span>
     <span class='ocr_line' id='line_1_14' title="bbox 144 1002 1428 1066; baseline 0.002 -19"><span class='ocrx_word' id='word_1_85' title='bbox 144 1002 282 1047; x_wconf 81' lang='lat' dir='ltr'>creati</span> <span class='ocrx_word' id='word_1_86' title='bbox 312 1002 425 1050; x_wconf 84' lang='lat' dir='ltr'>sunt.</span> <span class='ocrx_word' id='word_1_87' title='bbox 455 1003 652 1062; x_wconf 82' lang='lat' dir='ltr'>Consul,</span> <span class='ocrx_word' id='word_1_88' title='bbox 679 1003 875 1051; x_wconf 84' lang='lat' dir='ltr'>comitiis</span> <span class='ocrx_word' id='word_1_89' title='bbox 907 1003 1140 1066; x_wconf 73' lang='lat' dir='ltr'>perfeffis,</span> <span class='ocrx_word' id='word_1_90' title='bbox 1168 1004 1222 1050; x_wconf 89' lang='lat' dir='ltr'>ad</span> <span class='ocrx_word' id='word_1_91' title='bbox 1253 1002 1428 1049; x_wconf 84' lang='lat' dir='ltr'>exerci-</span> 
     </span>
     <span class='ocr_line' id='line_1_15' title="bbox 141 1073 1425 1132; baseline 0.002 -15"><span class='ocrx_word' id='word_1_92' title='bbox 141 1081 237 1118; x_wconf 88' lang='lat' dir='ltr'>tum</span> <span class='ocrx_word' id='word_1_93' title='bbox 257 1073 302 1118; x_wconf 91' lang='lat' dir='ltr'>in</span> <span class='ocrx_word' id='word_1_94' title='bbox 326 1075 549 1121; x_wconf 82' lang='lat' dir='ltr'>Etruriam</span> <span class='ocrx_word' id='word_1_95' title='bbox 569 1075 710 1122; x_wconf 88' lang='lat' dir='ltr'>rediit.</span> <span class='ocrx_word' id='word_1_96' title='bbox 728 1076 990 1121; x_wconf 81' lang='lat' dir='ltr'>Sacerdotes</span> <span class='ocrx_word' id='word_1_97' title='bbox 1010 1092 1066 1121; x_wconf 93' lang='lat' dir='ltr'>eo</span> <span class='ocrx_word' id='word_1_98' title='bbox 1088 1092 1208 1121; x_wconf 89' lang='lat' dir='ltr'>anno</span> <span class='ocrx_word' id='word_1_99' title='bbox 1227 1076 1425 1132; x_wconf 81' lang='lat' dir='ltr'>mortui,</span> 
     </span>
     <span class='ocr_line' id='line_1_16' title="bbox 140 1144 1424 1206; baseline 0.002 -17"><span class='ocrx_word' id='word_1_100' title='bbox 140 1155 273 1206; x_wconf 80' lang='lat' dir='ltr'>atque</span> <span class='ocrx_word' id='word_1_101' title='bbox 302 1144 348 1190; x_wconf 90' lang='lat' dir='ltr'>in</span> <span class='ocrx_word' id='word_1_102' title='bbox 373 1145 526 1192; x_wconf 89' lang='lat' dir='ltr'>locum</span> <span class='ocrx_word' id='word_1_103' title='bbox 549 1163 707 1192; x_wconf 89' lang='lat' dir='ltr'>eorum</span> <span class='ocrx_word' id='word_1_104' title='bbox 737 1146 901 1193; x_wconf 62' lang='lat' dir='ltr'>suffecti</span> <span class='ocrx_word' id='word_1_105' title='bbox 920 1164 932 1191; x_wconf 77' lang='grc' dir='ltr'><em>τ</em></span> <span class='ocrx_word' id='word_1_106' title='bbox 952 1147 1023 1192; x_wconf 90' lang='lat' dir='ltr'>Ti.</span> <span class='ocrx_word' id='word_1_107' title='bbox 1050 1145 1263 1192; x_wconf 85' lang='lat' dir='ltr'>Veturius</span> <span class='ocrx_word' id='word_1_108' title='bbox 1292 1147 1424 1192; x_wconf 88' lang='lat' dir='ltr'>Philo</span> 
     </span>
     <span class='ocr_line' id='line_1_17' title="bbox 140 1215 1424 1283; baseline 0.004 -22"><span class='ocrx_word' id='word_1_109' title='bbox 140 1215 302 1263; x_wconf 84' lang='lat' dir='ltr'>flamen</span> <span class='ocrx_word' id='word_1_110' title='bbox 330 1218 570 1276; x_wconf 81' lang='lat' dir='ltr'>Martialis,</span> <span class='ocrx_word' id='word_1_111' title='bbox 590 1219 636 1265; x_wconf 91' lang='lat' dir='ltr'>in</span> <span class='ocrx_word' id='word_1_112' title='bbox 665 1221 816 1267; x_wconf 88' lang='lat' dir='ltr'>locum</span> <span class='ocrx_word' id='word_1_113' title='bbox 847 1223 910 1267; x_wconf 88' lang='lat' dir='ltr'>M.</span> <span class='ocrx_word' id='word_1_114' title='bbox 933 1220 1099 1267; x_wconf 89' lang='lat' dir='ltr'>AEmilii</span> <span class='ocrx_word' id='word_1_115' title='bbox 1132 1218 1318 1281; x_wconf 79' lang='lat' dir='ltr'>Regilli,</span> <span class='ocrx_word' id='word_1_116' title='bbox 1346 1221 1424 1283; x_wconf 85' lang='lat' dir='ltr'>qui</span> 
     </span>
     <span class='ocr_line' id='line_1_18' title="bbox 139 1290 1424 1356; baseline 0.002 -20"><span class='ocrx_word' id='word_1_117' title='bbox 139 1290 294 1351; x_wconf 86' lang='lat' dir='ltr'>priore</span> <span class='ocrx_word' id='word_1_118' title='bbox 311 1308 431 1337; x_wconf 82' lang='lat' dir='ltr'>anno</span> <span class='ocrx_word' id='word_1_119' title='bbox 453 1308 659 1339; x_wconf 84' lang='lat' dir='ltr'>mortuus</span> <span class='ocrx_word' id='word_1_120' title='bbox 684 1305 805 1352; x_wconf 79' lang='lat' dir='ltr'>erat,</span> <span class='ocrx_word' id='word_1_121' title='bbox 828 1306 1000 1340; x_wconf 85' lang='lat' dir='ltr'>creatus</span> <span class='ocrx_word' id='word_1_122' title='bbox 1020 1291 1391 1356; x_wconf 80' lang='lat' dir='ltr'>inauguratusque</span> <span class='ocrx_word' id='word_1_123' title='bbox 1411 1314 1424 1345; x_wconf 92' lang='lat'>;</span> 
     </span>
     <span class='ocr_line' id='line_1_19' title="bbox 139 1362 1424 1429; baseline 0.002 -20"><span class='ocrx_word' id='word_1_124' title='bbox 139 1363 191 1409; x_wconf 89' lang='lat'><strong>&amp;</strong></span> <span class='ocrx_word' id='word_1_125' title='bbox 213 1362 260 1410; x_wconf 90' lang='lat' dir='ltr'>in</span> <span class='ocrx_word' id='word_1_126' title='bbox 284 1365 348 1410; x_wconf 87' lang='lat' dir='ltr'>M.</span> <span class='ocrx_word' id='word_1_127' title='bbox 369 1365 614 1428; x_wconf 87' lang='lat' dir='ltr'>Pomponii</span> <span class='ocrx_word' id='word_1_128' title='bbox 639 1367 869 1412; x_wconf 88' lang='lat' dir='ltr'>Mathonis</span> <span class='ocrx_word' id='word_1_129' title='bbox 895 1367 1071 1429; x_wconf 84' lang='lat' dir='ltr'>auguris</span> <span class='ocrx_word' id='word_1_130' title='bbox 1100 1367 1149 1412; x_wconf 67' lang='grc' dir='ltr'>ὃς</span> <span class='ocrx_word' id='word_1_131' title='bbox 1177 1366 1424 1412; x_wconf 86' lang='lat' dir='ltr'>decemviri</span> 
     </span>
     <span class='ocr_line' id='line_1_20' title="bbox 138 1436 1422 1502; baseline 0.002 -21"><span class='ocrx_word' id='word_1_132' title='bbox 138 1436 294 1482; x_wconf 91' lang='lat' dir='ltr'>locum</span> <span class='ocrx_word' id='word_1_133' title='bbox 321 1437 487 1495; x_wconf 85' lang='lat' dir='ltr'>creati,</span> <span class='ocrx_word' id='word_1_134' title='bbox 511 1438 737 1484; x_wconf 85' lang='lat' dir='ltr'>decemvir</span> <span class='ocrx_word' id='word_1_135' title='bbox 768 1440 832 1486; x_wconf 91' lang='lat' dir='ltr'><strong>M.</strong></span> <span class='ocrx_word' id='word_1_136' title='bbox 853 1438 1059 1485; x_wconf 84' lang='lat' dir='ltr'>Aurelius</span> <span class='ocrx_word' id='word_1_137' title='bbox 1084 1438 1223 1483; x_wconf 84' lang='lat' dir='ltr'>Cotta</span> <span class='ocrx_word' id='word_1_138' title='bbox 1241 1473 1253 1494; x_wconf 90' lang='lat'>‚</span> <span class='ocrx_word' id='word_1_139' title='bbox 1282 1454 1422 1502; x_wconf 83' lang='lat' dir='ltr'>augur</span> 
     </span>
     <span class='ocr_line' id='line_1_21' title="bbox 138 1508 1423 1573; baseline 0.003 -18"><span class='ocrx_word' id='word_1_140' title='bbox 138 1508 213 1556; x_wconf 88' lang='lat' dir='ltr'>Ti.</span> <span class='ocrx_word' id='word_1_141' title='bbox 248 1509 539 1573; x_wconf 80' lang='lat' dir='ltr'>Sempronius</span> <span class='ocrx_word' id='word_1_142' title='bbox 574 1513 806 1560; x_wconf 85' lang='lat' dir='ltr'>Gracchus</span> <span class='ocrx_word' id='word_1_143' title='bbox 846 1514 1089 1560; x_wconf 88' lang='lat' dir='ltr'>admodum</span> <span class='ocrx_word' id='word_1_144' title='bbox 1130 1511 1423 1572; x_wconf 87' lang='lat' dir='ltr'>adolescens,</span> 
     </span>
     <span class='ocr_line' id='line_1_22' title="bbox 136 1582 1425 1647; baseline 0.002 -18"><span class='ocrx_word' id='word_1_145' title='bbox 136 1582 266 1644; x_wconf 88' lang='lat' dir='ltr'>quod</span> <span class='ocrx_word' id='word_1_146' title='bbox 288 1594 396 1630; x_wconf 90' lang='lat' dir='ltr'>tunc</span> <span class='ocrx_word' id='word_1_147' title='bbox 423 1601 651 1647; x_wconf 88' lang='lat' dir='ltr'>perrarum</span> <span class='ocrx_word' id='word_1_148' title='bbox 679 1584 726 1631; x_wconf 90' lang='lat' dir='ltr'>in</span> <span class='ocrx_word' id='word_1_149' title='bbox 753 1585 1017 1631; x_wconf 89' lang='lat' dir='ltr'>mandandis</span> <span class='ocrx_word' id='word_1_150' title='bbox 1037 1583 1293 1631; x_wconf 87' lang='lat' dir='ltr'>sacerdotiis</span> <span class='ocrx_word' id='word_1_151' title='bbox 1315 1596 1425 1633; x_wconf 67' lang='lat' dir='ltr'>erat·</span> 
     </span>
     <span class='ocr_line' id='line_1_23' title="bbox 137 1655 1420 1722; baseline 0.002 -21"><span class='ocrx_word' id='word_1_152' title='bbox 137 1655 380 1719; x_wconf 85' lang='lat' dir='ltr'>Quadrigae</span> <span class='ocrx_word' id='word_1_153' title='bbox 395 1675 538 1705; x_wconf 83' lang='lat' dir='ltr'>aureae</span> <span class='ocrx_word' id='word_1_154' title='bbox 553 1675 609 1705; x_wconf 93' lang='lat' dir='ltr'>eo</span> <span class='ocrx_word' id='word_1_155' title='bbox 624 1675 746 1705; x_wconf 90' lang='lat' dir='ltr'>anno</span> <span class='ocrx_word' id='word_1_156' title='bbox 759 1659 804 1706; x_wconf 88' lang='lat' dir='ltr'>in</span> <span class='ocrx_word' id='word_1_157' title='bbox 817 1658 1049 1722; x_wconf 86' lang='lat' dir='ltr'>Capitolio</span> <span class='ocrx_word' id='word_1_158' title='bbox 1067 1657 1223 1721; x_wconf 84' lang='lat' dir='ltr'>pofitae</span> <span class='ocrx_word' id='word_1_159' title='bbox 1241 1658 1296 1704; x_wconf 86' lang='lat' dir='ltr'>ab</span> <span class='ocrx_word' id='word_1_160' title='bbox 1313 1658 1420 1703; x_wconf 84' lang='lat' dir='ltr'>aedi-</span> 
     </span>
     <span class='ocr_line' id='line_1_24' title="bbox 136 1726 1420 1791; baseline 0.005 -19"><span class='ocrx_word' id='word_1_161' title='bbox 136 1726 254 1775; x_wconf 89' lang='lat' dir='ltr'>libus</span> <span class='ocrx_word' id='word_1_162' title='bbox 283 1731 539 1791; x_wconf 88' lang='lat' dir='ltr'>curulibus,</span> <span class='ocrx_word' id='word_1_163' title='bbox 558 1733 613 1779; x_wconf 86' lang='lat' dir='ltr'><strong>C.</strong></span> <span class='ocrx_word' id='word_1_164' title='bbox 638 1733 774 1781; x_wconf 80' lang='lat' dir='ltr'>Livio</span> <span class='ocrx_word' id='word_1_165' title='bbox 805 1734 855 1780; x_wconf 90' lang='lat'>&amp;</span> <span class='ocrx_word' id='word_1_166' title='bbox 881 1734 945 1779; x_wconf 95' lang='lat' dir='ltr'><strong>M.</strong></span> <span class='ocrx_word' id='word_1_167' title='bbox 975 1730 1172 1778; x_wconf 88' lang='lat' dir='ltr'>Servilio</span> <span class='ocrx_word' id='word_1_168' title='bbox 1203 1730 1420 1778; x_wconf 90' lang='lat' dir='ltr'>Gemino.</span> 
     </span>
     <span class='ocr_line' id='line_1_25' title="bbox 135 1803 1418 1868; baseline 0.002 -20"><span class='ocrx_word' id='word_1_169' title='bbox 135 1804 192 1849; x_wconf 89' lang='lat' dir='ltr'>Et</span> <span class='ocrx_word' id='word_1_170' title='bbox 209 1803 302 1851; x_wconf 89' lang='lat' dir='ltr'>ludi</span> <span class='ocrx_word' id='word_1_171' title='bbox 323 1806 518 1854; x_wconf 88' lang='lat' dir='ltr'>Romani</span> <span class='ocrx_word' id='word_1_172' title='bbox 536 1807 724 1854; x_wconf 85' lang='lat' dir='ltr'>biduum</span> <span class='ocrx_word' id='word_1_173' title='bbox 740 1805 980 1854; x_wconf 87' lang='lat' dir='ltr'>instaurati.</span> <span class='ocrx_word' id='word_1_174' title='bbox 1002 1806 1121 1854; x_wconf 88' lang='lat' dir='ltr'>Idem</span> <span class='ocrx_word' id='word_1_175' title='bbox 1138 1821 1216 1868; x_wconf 89' lang='lat' dir='ltr'>per</span> <span class='ocrx_word' id='word_1_176' title='bbox 1232 1804 1418 1851; x_wconf 88' lang='lat' dir='ltr'>biduum</span> 
     </span>
     <span class='ocr_line' id='line_1_26' title="bbox 135 1869 1419 1938; baseline 0.003 -18"><span class='ocrx_word' id='word_1_177' title='bbox 135 1869 300 1938; x_wconf 65' lang='lat' dir='ltr'>plebeii</span> <span class='ocrx_word' id='word_1_178' title='bbox 331 1879 386 1924; x_wconf 85' lang='lat' dir='ltr'>ab</span> <span class='ocrx_word' id='word_1_179' title='bbox 419 1879 624 1926; x_wconf 75' lang='lat' dir='ltr'>aedilibus</span> <span class='ocrx_word' id='word_1_180' title='bbox 654 1881 701 1926; x_wconf 93' lang='lat' dir='ltr'><strong>P.</strong></span> <span class='ocrx_word' id='word_1_181' title='bbox 736 1872 884 1938; x_wconf 78' lang='lat' dir='ltr'>AElio,</span> <span class='ocrx_word' id='word_1_182' title='bbox 918 1880 967 1929; x_wconf 86' lang='lat' dir='ltr'><strong>P.</strong></span> <span class='ocrx_word' id='word_1_183' title='bbox 989 1877 1133 1925; x_wconf 87' lang='lat' dir='ltr'>Villio</span> <span class='ocrx_word' id='word_1_184' title='bbox 1166 1896 1179 1926; x_wconf 76' lang='lat' dir='ltr'><strong><em>z</em></strong></span> <span class='ocrx_word' id='word_1_185' title='bbox 1210 1878 1261 1926; x_wconf 86' lang='lat'>&amp;</span> <span class='ocrx_word' id='word_1_186' title='bbox 1289 1877 1419 1925; x_wconf 87' lang='lat' dir='ltr'>Jovis</span> 
     </span>
     <span class='ocr_line' id='line_1_27' title="bbox 134 1947 838 2011; baseline 0.007 -18"><span class='ocrx_word' id='word_1_187' title='bbox 134 1947 315 2011; x_wconf 87' lang='lat' dir='ltr'>epulum</span> <span class='ocrx_word' id='word_1_188' title='bbox 342 1950 427 1998; x_wconf 87' lang='lat' dir='ltr'>suit</span> <span class='ocrx_word' id='word_1_189' title='bbox 452 1952 666 2000; x_wconf 89' lang='lat' dir='ltr'>ludorum</span> <span class='ocrx_word' id='word_1_190' title='bbox 693 1951 838 1999; x_wconf 87' lang='lat' dir='ltr'>causa.</span> 
     </span>
    </p>
   </div>
  </div>
 </body>
</html>
