1592 2724
157 146 219 196 34
526 114 1092 183 Tirtitvr'l

154 238 354 301 undique
387 237 442 285 ab
478 237 679 287 sollicitis
715 240 864 287 vicem
904 240 1189 304 imperatoris
1226 241 1445 293 militibus

153 311 376 368 subintus,
398 310 611 373 scalaeque
641 312 791 359 multis
819 312 945 358 fimul
978 312 1177 374 partibus
1205 314 1315 377 erigi
1344 333 1444 361 coe-

153 397 256 448 ptae.
299 386 352 429 Et
388 400 444 429 ex
481 383 616 429 altera
644 396 767 445 parte
803 384 963 431 Laelius
990 384 1135 431 instat.
1173 387 1295 432 Tum
1323 388 1444 434 vieta

153 447 490 520 oppidanorum
518 456 588 504 vis
603 492 617 515 ‚
644 456 908 521 dejefitisque
929 461 1340 522 propugnatoribus
1359 479 1443 510 oc-

151 542 379 592 cupantur
410 530 542 576 muri.
574 546 654 577 arx
689 531 821 577 etiam
851 532 906 578 ab
936 549 984 578 ea
1013 545 1162 594 parte,
1197 551 1285 598 qua
1307 534 1439 582 inex-

150 605 405 670 pugnabilis
435 605 676 654 videbatur
690 642 701 659 ‚
719 607 837 654 inter
857 608 1098 654 tumultum
1119 621 1245 671 capta
1266 609 1342 657 est.

216 678 326 725 XX.
354 676 617 741 Transfugae
639 678 737 725 Afri
754 716 768 735 ,
783 679 866 743 qui
890 691 986 726 tum
1013 681 1130 727 inter
1147 683 1314 728 auxilia
1339 683 1441 728 Ro·-

149 768 283 802 mana
311 764 459 808 erant,
480 753 528 798 ὅ(
552 753 790 814 oppidanis
817 752 861 798 in
883 770 933 800 ea
959 755 1150 813 tuenda,
1175 756 1295 802 unde
1318 756 1441 817 peri-

149 825 303 877 culum
325 823 586 881 videbatur,
611 826 746 873 verfis
761 862 774 883 ‚
796 827 846 872 ὃς
872 827 1091 872 Romanis
1113 827 1403 874 subeuntibus
1422 862 1440 884 ,

147 916 236 961 qua
256 896 377 943 adire
396 909 629 959 poterant,
652 897 985 959 conspexerunt
1005 899 1282 946 editissimam
1313 900 1436 947 urbis

146 980 344 1032 partem,
368 967 471 1030 quia
498 984 608 1029 rupe
643 969 824 1029 praealta
846 972 1099 1033 tegebatur,
1127 987 1273 1034 neque
1295 988 1436 1035 opere

145 1041 244 1088 ullo
274 1040 523 1096 munitam,
551 1040 601 1085 &
622 1038 677 1084 ab
705 1039 1012 1087 defensoribus
1034 1058 1237 1088 vacuam.
1263 1043 1436 1092 levium

144 1128 394 1175 corporum
425 1109 658 1165 homines,
684 1112 734 1158 &
765 1111 904 1158 multa
930 1114 1255 1175 exercitatione
1279 1116 1436 1177 perni-

145 1186 290 1242 cium,
307 1184 465 1232 clavos
483 1182 631 1228 secum
651 1181 823 1230 ferreos
843 1196 1099 1246 portantes,
1115 1202 1204 1247 qua
1223 1203 1303 1248 per
1320 1187 1435 1233 inae-

142 1256 337 1320 qualiter
365 1253 608 1300 eminentia
630 1253 753 1316 rupis
773 1267 984 1316 poterant
1001 1291 1013 1312 ‚
1034 1255 1263 1303 scandunt.
1293 1257 1433 1306 sicubi

142 1328 277 1376 nimis
311 1327 498 1373 arduum
535 1327 584 1372 δέ
617 1326 719 1372 leve
755 1326 905 1372 saxum
943 1327 1237 1385 occurrebat,
1274 1328 1432 1376 clavos

141 1419 223 1465 per
252 1399 435 1446 modica
469 1397 707 1444 intervalla
735 1397 941 1461 figentes,
973 1417 1076 1447 cum
1112 1400 1239 1448 velut
1270 1403 1432 1465 gratius

141 1475 369 1531 fecissent,
395 1472 528 1535 primi
565 1472 796 1536 sequentes
828 1475 1110 1521 extrahentes
1146 1492 1305 1534 manu,
1338 1493 1428 1539 po·-

139 1549 290 1597 stremi
318 1547 602 1594 sublevantes
633 1563 740 1605 eos,
766 1547 842 1611 qui
867 1549 1104 1611 praeirent,
1131 1549 1177 1596 in
1209 1549 1428 1598 summum

138 1624 353 1671 evadunt.
372 1619 476 1666 inde
495 1620 737 1666 decurrunt
756 1638 858 1668 cum
880 1621 1078 1670 clamore
1098 1622 1144 1669 in
1162 1623 1318 1669 urbem
1337 1623 1429 1685 jam

136 1710 317 1760 captam
341 1695 397 1742 ab
416 1695 649 1742 Romanis.
673 1697 795 1743 Tum
815 1712 929 1743 vero
948 1696 1181 1760 apparuit,
1202 1697 1257 1744 ab
1285 1697 1349 1744 ira
1378 1700 1428 1746 δε

136 1771 194 1816 ab
225 1771 337 1817 odio
366 1769 522 1815 urbem
555 1781 862 1832 oppugnatam
897 1770 994 1818 effe.
1044 1787 1181 1817 nemo
1218 1771 1425 1833 capiendi

136 1843 276 1891 vivos
291 1878 305 1900 ,
327 1858 490 1898 nemo,
513 1842 768 1904 patentibus
788 1843 843 1888 ad
866 1842 1166 1905 direptionem
1188 1844 1423 1903 omnibus,

132 1917 297 1980 praedae
324 1933 499 1962 mernor
529 1917 605 1963 est.
636 1915 886 1962 Trucidant
911 1916 1102 1963 inermes
1129 1914 1258 1978 juxta
1288 1928 1424 1981 atque

133 2001 356 2046 armatos,
383 1988 569 2036 feminas
593 1989 758 2051 pariter
785 2006 836 2036 ac
862 1989 987 2037 viros
1008 2005 1018 2034 :
1042 1988 1178 2052 usque
1199 1990 1255 2036 ad
1272 1989 1423 2037 infan-

132 2063 248 2112 tium
278 2061 444 2109 caedem
476 2063 542 2108 ira
575 2063 768 2110 crudelis
803 2062 1027 2126 pervenit.
1071 2065 1223 2126 Ignem
1259 2064 1420 2110 deinde

130 2136 257 2182 testis
279 2135 517 2197 injiciunt,
549 2153 602 2182 ae
632 2136 841 2194 diruunt,
872 2154 973 2200 quae
1000 2136 1216 2183 incendio
1247 2136 1419 2183 absumi

129 2221 363 2272 nequeunt
382 2227 392 2255 :
412 2209 526 2255 adeo
545 2208 731 2272 vestigia
753 2226 940 2272 quoque
959 2209 1082 2255 urbis
1109 2208 1388 2272 exstinguere
1402 2244 1418 2266 ‚

129 2301 182 2330 ac
215 2284 361 2331 delere
388 2283 653 2330 memoriam
683 2283 879 2330 hostium
902 2283 1041 2342 sedis,
1064 2282 1192 2330 cordi
1219 2283 1294 2329 est.
1324 2283 1416 2329 Ca·-

128 2357 352 2403 stulonem
373 2358 476 2404 inde
496 2358 649 2419 Scipio
667 2358 913 2404 exercitum
934 2358 1059 2404 ducit
1078 2373 1237 2420 :quam
1255 2356 1414 2402 urbem

127 2447 223 2478 non
258 2431 442 2495 Hispani
479 2433 623 2480 modo
667 2449 925 2492 convenae,
963 2432 1037 2480 sed
1079 2431 1237 2480 Punici
1278 2431 1414 2479 etiam
