1592 2724
290 166 840 213 HISTORIARUM
876 165 1002 211 LIB.
1036 165 1247 212 XXXffl.
1318 173 1405 227 345

132 271 291 336 quibus
317 272 480 320 bellum
511 274 566 320 ab
594 271 825 319 Antiocho
855 271 1132 319 imminebat.
1167 288 1269 320 nam
1301 273 1412 321 alias

132 345 306 392 auxiliis
327 344 566 408 juverunt,
585 345 688 391 alias
707 343 995 407 providendo
1014 360 1065 391 ac
1082 345 1412 406 praemonendo

132 430 320 466 conatus
340 418 478 465 hostis
498 437 509 465 :
532 417 744 480 causaque
768 416 983 463 libertatis
1002 415 1183 462 fuerunt
1200 417 1411 479 Cauniis,

129 490 362 553 Myndiis‚
383 488 827 537 Halicarnaffenfibus
843 524 856 546 ,
881 487 1137 550 Samiisque.
1162 489 1272 534 Non
1296 506 1409 551 ope-

129 578 190 608 rae
224 561 284 609 est
307 562 538 626 persequi,
567 574 615 608 ut
638 578 824 625 quaeque
857 562 949 608 acia
981 561 1026 607 in
1059 561 1127 607 his
1155 560 1268 608 locis
1295 562 1410 618 sint,

129 651 233 681 cum
265 636 320 682 ad
350 652 426 696 ea,
451 651 550 700 quae
586 634 767 698 proprie
799 634 994 680 Romani
1021 633 1127 681 belli
1160 633 1291 694 sunt,
1325 633 1409 682 vix:

126 706 355 756 sufficiam.
1054 769 1057 773 Ι

192 781 321 828 ΧΧΙ.
351 781 524 828 Eodem
546 792 749 844 tempore
768 783 818 828 &
836 780 1008 828 Attalus
1033 797 1135 840 rex,
1155 797 1270 844 aeger
1285 779 1410 826 The-

127 852 194 900 bis
217 854 480 918 Pergamum
510 855 744 913 advechis,
766 854 959 901 moritur
988 855 1130 901 altero
1159 854 1208 900 &
1233 852 1411 916 septua-

126 926 296 990 gesimo
325 944 476 984 ann03
506 945 607 975 cum
638 940 833 991 quatuor
860 929 911 974 &
944 925 1234 990 quadraginta
1263 941 1410 972 annos

125 999 355 1061 regnasset.
377 1000 496 1047 Huic
518 1016 631 1047 vero
649 1035 661 1057 ,
679 1011 835 1062 praeter
856 999 1034 1046 divitias
1048 1033 1062 1056 ‚
1087 996 1196 1044 nihil
1213 998 1267 1044 ad
1288 997 1411 1058 spem

124 1070 252 1134 regni
288 1070 470 1120 fortuna
501 1072 692 1119 dederat.
724 1072 792 1118 his
821 1071 944 1117 fimul
980 1070 1249 1134 prudenter,
1281 1068 1409 1114 simul

124 1143 363 1207 magnifice
392 1146 590 1203 utendo,
621 1144 789 1204 effecit,
815 1144 1008 1207 primum
1038 1155 1089 1190 ut
1120 1142 1226 1199 fibi,
1246 1142 1408 1190 deinde

125 1227 174 1260 ut
193 1216 290 1263 aliis
310 1233 404 1263 non
425 1217 634 1281 indignus
654 1217 887 1264 videretur
906 1233 1060 1280 regno.
1084 1215 1225 1261 Victis
1246 1214 1408 1261 deinde

125 1290 292 1352 proelio
315 1308 410 1338 uno
439 1292 581 1338 Gallis
597 1327 610 1349 ‚
635 1309 733 1356 quae
751 1303 844 1338 tum
868 1307 974 1355 gens
1004 1288 1174 1337 recenti
1203 1288 1406 1335 adventu

126 1361 371 1409 terribilior
391 1362 503 1409 Asiae
532 1374 648 1420 erat,
670 1363 839 1427 regium
861 1361 1049 1409 adscivit
1069 1377 1258 1419 nomen,
1280 1360 1407 1421 cujus

126 1433 422 1498 magnitudini
443 1435 612 1498 semper
632 1436 826 1482 animum
848 1435 1057 1499 aequavit.
1081 1436 1259 1480 Summa
1279 1431 1408 1493 justi-

123 1507 184 1553 tia
205 1506 307 1553 suos
337 1507 482 1554 rexit:
511 1507 687 1554 unicam
718 1506 848 1554 fidem
881 1507 1013 1554 sociis
1039 1505 1238 1569 praestitit
1257 1523 1266 1551 ε
1286 1521 1408 1550 uxo-

124 1596 217 1626 rem
242 1597 294 1626 ac
319 1579 486 1626 liberos
514 1593 708 1644 quatuor
734 1581 980 1644 superstites
1007 1581 1184 1627 habuit:
1207 1579 1324 1626 mitis
1354 1596 1408 1626 ac

125 1650 364 1699 munificus
394 1651 548 1698 amicis
576 1652 690 1699 fuit:
716 1669 898 1716 regnum
930 1653 1040 1699 adeo
1070 1652 1219 1698 stabile
1250 1668 1300 1699 ac
1330 1650 1408 1696 fir-

125 1743 246 1772 mum
279 1725 486 1788 reliquit,
508 1738 557 1773 ut
584 1727 638 1773 ad
666 1729 838 1775 tertiam
869 1727 1045 1789 stirpem
1073 1726 1279 1788 poffeffio
1310 1725 1407 1786 ejus

124 1798 411 1846 descenderit.
442 1800 558 1846 Cum
584 1800 618 1846 is
650 1800 783 1847 status
812 1817 956 1845 rerum
987 1799 1032 1844 in
1060 1798 1183 1856 Asia,
1203 1800 1406 1845 Graecia-

122 1886 235 1934 que,
271 1872 319 1920 &
349 1871 616 1918 Macedonia
643 1872 772 1929 effct,
805 1871 993 1917 vixdum
1028 1870 1270 1917 terminato
1299 1886 1405 1917 cum

122 1942 330 2006 Philippo
361 1945 482 1991 bello
499 1983 511 2003 ‚
535 1963 644 2009 pace
668 1959 785 1994 certe
808 1946 1011 1993 nondum
1031 1954 1304 2007 perpetrata,
1332 1941 1405 1987 in-

123 2030 230 2076 gens
256 2014 301 2060 in
332 2015 538 2078 Hispania
567 2017 780 2063 ulteriore
803 2027 1013 2063 coortum
1033 2013 1094 2060 est
1122 2013 1302 2060 bellum.
1337 2013 1404 2060 M.

124 2086 316 2134 Helvius
343 2104 438 2135 eam
462 2089 745 2151 provinciam
772 2089 1017 2135 obtinebat.
1048 2089 1085 2133 Is
1108 2085 1247 2133 literis
1278 2085 1404 2130 sena-

123 2169 218 2206 tum
240 2159 478 2207 certiorem
510 2159 639 2214 fecit,
666 2166 830 2207 Colcam
853 2159 895 2207 G*
925 2162 1149 2222 Luscinum
1170 2163 1329 2219 regulos
1356 2161 1402 2202 itz

124 2234 252 2276 armis
279 2231 365 2295 effi.
406 2235 509 2279 Cum
541 2236 662 2279 Colca
691 2238 821 2280 decem
853 2233 897 2280 δ’
911 2236 1068 2295 fiptem
1099 2234 1255 2292 oppida
1273 2265 1286 2287 ‚
1311 2249 1402 2276 cum

123 2305 303 2365 Luscino
337 2309 503 2352 validas
538 2309 680 2361 urbes,
713 2309 939 2351 Cardotzem
974 2302 1016 2349 δ’
1050 2305 1289 2348 Bardonem
1312 2319 1328 2346 .·
1360 2301 1404 2348 G·

123 2381 376 2423 marititnam
405 2397 518 2424 oram
540 2398 724 2435 omnem,
753 2397 837 2439 quie
864 2381 1049 2424 nondum
1075 2380 1240 2421 animos
1261 2380 1402 2420 nuda-

119 2467 256 2512 ⁴ferat,
278 2455 336 2498 ad
348 2452 626 2511 finitimorum
648 2468 783 2498 motus
811 2449 1167 2511 conficrrefluram.
1197 2448 1278 2494 His
1302 2447 1403 2494 lite-

553 2606 564 2634 ’Ζ
