1592 2724
248 188 787 239 HISTORIARUM
826 186 954 233 LlB.
991 185 1206 232 XXXIII.
1277 183 1363 248 365

88 301 158 349 fus
186 300 239 347 ab
266 299 416 346 senatu
445 299 498 345 ad
529 295 775 344 dirimenda
810 293 926 339 inter
953 292 1230 338 AntiOchum
1260 292 1372 337 Pto-

89 373 385 434 lemaeumque
416 386 540 433 reges
562 365 801 415 certamina
819 401 833 420 ‚
854 364 1119 426 Selymbriae
1147 363 1335 410 substitit
1359 379 1373 409 t

89 443 142 491 &
176 444 327 489 decem
360 442 608 504 legatorum
646 439 689 483 P.
726 434 937 482 Lentulus
975 451 996 480 a
1031 435 1251 497 Bargyliis
1272 471 1285 493 ‚
1324 437 1372 483 Ρ.

90 515 256 561 Villius
278 517 325 562 &
352 517 400 560 L.
421 511 657 558 Terentius
689 526 713 554 a
732 507 896 555 Thaffo
912 542 925 563 ‚
947 505 1273 569 Lysimachiam
1293 523 1374 567 pe-

91 590 273 635 tierunt.
317 587 477 633 eodem
506 587 556 632 &
587 601 611 629 a
643 580 894 644 Selymbria
930 581 978 626 L.
1013 578 1285 633 Cornelius,
1323 579 1375 625 &

91 679 150 708 ex
183 661 379 707 Thracia
407 658 507 722 post
528 673 699 719 paucos
732 654 823 700 dies
852 653 1109 700 Antiochus
1138 669 1374 700 convene-

94 748 213 782 runt.
248 735 418 781 Primus
445 730 701 795 congressus
731 746 830 775 cum
869 726 1049 789 legatis,
1087 728 1137 772 &
1170 726 1378 787 deinceps

94 808 311 855 invitatio
344 807 534 870 benigna
567 806 615 851 &
643 801 872 865 hospitalis
901 800 999 847 fuit.
1033 811 1081 846 ut
1110 799 1162 845 de
1192 798 1378 844 manda-

95 882 154 928 tis
185 881 385 944 statuque
412 876 614 942 praesenti
643 876 752 921 Afiae
781 874 849 938 a‘gi
883 885 1088 936 coeptum
1114 870 1204 929 est,
1240 871 1376 917 animi

95 954 340 1016 exasperati
369 952 481 998 sunt.
512 947 707 995 Romani
729 982 742 1004 ,
770 946 924 993 omnia
945 946 1036 992 acia
1056 943 1175 1005 ejus,
1208 961 1264 990 ex
1283 960 1379 1008 quo

95 1038 300 1088 tempore
321 1042 343 1071 e
366 1022 498 1087 Syria
519 1021 646 1068 claffe
673 1019 901 1075 solvisset,
935 1017 1165 1080 displicere
1185 1016 1379 1075 senatui,

98 1116 195 1145 non
226 1097 549 1143 dissimulabant
568 1129 581 1152 ,
613 1091 871 1154 restituique
898 1091 1145 1137 Ptolemaeo
1175 1089 1381 1137 civitates

99 1188 258 1219 omnes
275 1207 288 1229 ‚
321 1187 420 1233 quae
443 1168 629 1215 ditionis
660 1166 753 1229 ejus
783 1165 960 1213 fuiffent
977 1201 991 1224 ,
1027 1181 1203 1228 aequum
1230 1163 1382 1210 cense-

101 1245 224 1291 bant.
269 1246 381 1288 Nam
417 1244 529 1302 quod
560 1245 619 1286 ad
645 1259 715 1286 eas
745 1241 933 1286 civitates
967 1241 1183 1294 attineret,
1218 1255 1321 1297 quas
1356 1255 1385 1282 a

102 1320 301 1378 Philippo
328 1312 519 1378 poſjeffits
550 1316 788 1359 Antiochus
816 1332 891 1374 per
925 1311 1172 1376 occasionem
1193 1344 1206 1366 ‚
1244 1310 1384 1370 averso

102 1392 302 1451 Philippo
332 1393 377 1435 irt
404 1392 639 1434 Romanum
669 1391 815 1432 bellum
837 1420 850 1443 ‚
882 1383 1174 1448 intercepcffit‚
1213 1387 1262 1430 id
1293 1403 1386 1429 vero

93 1465 312 1525 serendum
337 1483 421 1509 non
452 1461 522 1525 effi
538 1497 551 1519 ‚
583 1463 800 1507 Romanos
824 1479 901 1521 per
929 1475 989 1505 tot
1012 1476 1149 1504 anuos
1168 1474 1271 1503 terra
1291 1476 1386 1502 ma-

104 1542 216 1599 rique
246 1552 367 1582 tanta
390 1539 574 1596 pericula
602 1554 651 1580 ac
671 1536 826 1579 labores
852 1530 1104 1597 exhausiſje,
1127 1532 1386 1576 Antiochum

106 1613 200 1657 belli
220 1612 393 1670 praemia
426 1611 578 1656 habere.
614 1611 699 1654 Sed
733 1623 778 1652 ut
810 1608 855 1651 in
889 1606 1037 1670 Aſsam
1066 1607 1268 1650 adventus
1299 1604 1388 1661 ‹y'us

107 1683 352 1746 diffimulari
382 1684 434 1727 ab
455 1684 690 1737 Romanis,
720 1697 918 1740 tanquam
952 1681 1065 1724 nihil
1091 1681 1151 1723 ad
1179 1696 1245 1723 eos
1262 1680 1389 1738 perti-

108 1772 235 1809 nens,
254 1755 433 1813 potuerit
448 1772 467 1807 ,·
494 1757 605 1813 quod
618 1752 714 1808 jam
744 1755 939 1798 etiam·irz
960 1753 1177 1811 Europam
1199 1753 1389 1796 omnihus
1418 1773 1423 1776 ·

109 1829 333 1873 navalibus
369 1827 679 1890 terrestribusque
709 1830 838 1886 copiis
868 1826 1072 1891 transierit
1090 1860 1104 1882 ,
1137 1840 1336 1886 quantum
1362 1841 1390 1868 a

111 1903 214 1945 hello
240 1914 377 1958 aperto
397 1900 606 1944 Romanis
625 1897 783 1961 aheffie?
811 1901 936 1944 Illum
956 1900 1117 1958 quidem
1130 1932 1144 1955 ,
1164 1895 1328 1961 etiamsi
1345 1898 1390 1941 in

112 1973 286 2017 Italiam
309 1969 496 2024 trajiciat
510 2005 524 2026 ‚
554 1987 810 2032 negaturum.

177 2040 276 2086 XL.
313 2039 384 2086 Ad
407 2056 457 2086 ea
480 2057 587 2097 reX‚
614 2045 732 2087 Satis
755 2042 850 2098 jam
881 2057 975 2087 ante
991 2041 1210 2102 viderese,
1234 2043 1395 2086 Roma-

114 2131 193 2161 nos
234 2115 428 2173 inquirere
452 2148 465 2170 ,
499 2116 605 2173 quid
644 2118 725 2176 regi
762 2117 974 2160 Antiocho
1000 2115 1248 2172 faciendum
1265 2132 1285 2169 ;
1320 2129 1395 2168 at,

115 2186 321 2247 quousque
339 2201 443 2230 terra
463 2188 644 2245 marique
659 2190 1001 2248 progrediendum
1012 2186 1145 2244 suerit
1169 2185 1291 2248 ipsis,
1310 2202 1395 2229 non

115 2260 308 2317 cogitare.
345 2256 494 2319 Afiam
527 2259 640 2302 nihil
669 2261 728 2302 ad
756 2262 956 2318 populum
993 2260 1234 2303 Romanum
1264 2257 1396 2316 perti·-

116 2346 238 2377 nere:
273 2347 343 2374 nec
365 2333 501 2390 magis
531 2333 618 2375 illis
647 2333 934 2390 inquirendum
967 2329 1066 2392 effe,
1098 2332 1202 2390 quid
1234 2331 1396 2375 Antio-

119 2405 220 2447 chus
254 2405 298 2446 in
325 2402 432 2465 Asta
449 2435 462 2459 ,
491 2420 612 2461 quam
638 2405 881 2457 Antiocho,
906 2405 1008 2462 quid
1035 2405 1080 2447 in
1109 2405 1239 2447 Italia
1258 2419 1398 2462 popu-

120 2479 188 2521 lus
213 2476 435 2522 Romanus
459 2474 615 2532 faciat.
653 2476 786 2536 Quod
813 2478 873 2521 ad
900 2478 1165 2521 Ptolemaeum
1193 2477 1401 2529 attineat,
