1592 2724
191 135 281 182 262
552 132 1119 184 TITILlVII

189 246 345 303 nibus,
374 246 424 292 &
440 243 612 301 vineIS‚
633 246 682 291 δι
704 243 841 290 ariete
860 244 1152 292 admovendo
1180 245 1318 293 muris
1336 264 1346 293 :
1367 245 1478 309 regii

188 319 397 375 ballistis,
415 316 736 381 catapultisque
756 319 806 365 &
831 318 923 365 alio
944 318 1072 365 omni
1090 335 1249 382 genere
1270 332 1477 367 tormen-

187 403 342 439 torum
371 391 458 438 tela
485 390 749 454 ingerentes.
782 392 831 439 &
862 392 1062 453 pondere
1089 392 1261 456 ingenti
1289 395 1390 441 saxa
1409 392 1478 455 ja-

188 468 368 515 ciebant
381 504 394 525 ,
415 469 466 515 &
484 465 742 522 cuniculos,
764 469 814 514 &
831 467 1054 530 quidquid
1072 468 1193 514 aliud
1214 470 1477 532 prioreop·

188 540 468 604 pugnatione
487 552 722 602 expertum
745 541 993 603 profuerat.
1025 544 1236 590 Ceterum
1256 560 1353 591 non
1375 543 1479 606 plu-

188 632 260 662 res
285 626 460 662 tantum
489 613 787 672 Macedones,
816 632 951 678 quam
981 627 1109 672 ante,
1131 615 1374 663 tuebantur
1402 631 1480 661 ur·

188 690 294 737 bem
315 687 545 750 arcesque,
568 685 642 733 sed
661 687 794 733 etiam
815 689 1180 750 praesentioribus
1200 687 1382 746 animis,
1404 689 1479 745 &‚

188 760 552 827 castigationibus
580 759 694 823 regis
721 759 767 806 in
797 761 978 808 admiffa
1001 762 1158 825 eulpa,
1178 760 1305 808 fimul
1334 759 1482 807 mina-

189 855 288 886 rum
304 873 318 895 ,
337 834 467 882 fimul
493 832 839 897 promiffionum
860 833 906 880 in
927 834 1130 882 futurum
1149 850 1372 882 memores
1387 868 1400 890 ,
1420 833 1482 879 ita

191 925 243 959 ut
261 927 417 974 parum
442 908 489 955 in
510 906 848 970 expugnatione
869 907 1006 955 celeri
1034 907 1125 971 spei
1150 907 1270 955 effet.
1297 905 1482 953 Interim

189 987 241 1033 δε
261 983 383 1031 atiud
404 980 477 1047 agi
506 979 631 1044 poffe
659 991 778 1026 ratus
805 979 1001 1044 legatus,
1023 979 1211 1037 reliffis,
1236 991 1351 1043 quot
1380 977 1483 1024 satis

190 1057 467 1105 videbantur
492 1055 548 1102 ad
572 1070 709 1116 opera
730 1051 1001 1116 perficienda
1017 1090 1030 1113 ,
1047 1054 1266 1102 militibus
1284 1089 1297 1112 ‚
1319 1051 1485 1114 trajicit

189 1131 239 1180 in
259 1130 469 1193 proxima
489 1125 767 1176 continentis
787 1144 798 1173 :
821 1125 1119 1190 Larifl'amque
1141 1125 1270 1191 (non
1293 1125 1415 1172 illam
1434 1124 1484 1171 in

189 1202 415 1252 Theffalia
443 1200 647 1248 nobilem
676 1199 862 1257 urbem,
881 1198 954 1245 sed
979 1200 1161 1246 alteram
1177 1236 1191 1258 ‚
1211 1215 1342 1263 quam
1373 1200 1484 1246 Cre-

191 1277 360 1326 masten
378 1271 583 1336 vocant)
605 1271 754 1319 subito
778 1271 1001 1330 adventu,
1024 1286 1186 1335 praeter
1214 1291 1362 1321 arcem
1377 1310 1390 1332 ,
1412 1289 1484 1321 ce-

190 1349 276 1412 pit.
310 1347 483 1394 Attalus
513 1359 699 1409 quoque
730 1342 983 1406 AEgeleon‚
1014 1343 1131 1390 nihil
1163 1345 1312 1392 minus
1347 1361 1484 1408 quam

191 1423 279 1470 taie
298 1420 545 1485 quidquam
565 1417 612 1465 in
629 1415 810 1463 alterius
825 1417 1166 1479 oppugnatione
1182 1417 1305 1464 urbis
1321 1417 1486 1465 timen-

192 1496 339 1553 tibus,
358 1493 586 1557 oppreffit.
616 1494 673 1538 Et
693 1490 781 1553 jam
804 1508 908 1538 cum
933 1507 1071 1554 opera
1102 1492 1149 1538 in
1177 1494 1334 1540 effeetu
1357 1504 1484 1540 erant

192 1569 312 1618 circa
338 1570 538 1626 Oreum,
554 1579 649 1614 tum
679 1566 958 1629 praefidium‚
977 1566 1103 1629 quod
1120 1566 1241 1614 intus
1268 1578 1385 1623 erat,
1411 1566 1481 1614 la-

190 1644 306 1691 bore
333 1643 503 1690 affiduo
518 1678 532 1701 ‚
551 1640 718 1705 vigiliis
737 1639 908 1687 diurnis
939 1640 1102 1703 pariter
1131 1640 1451 1704 nocturnisque
1466 1675 1485 1699 ,

191 1719 244 1766 &
264 1717 529 1765 vulneribus
548 1715 821 1764 confeffilm.
852 1716 975 1763 Muri
997 1732 1181 1780 quoque
1199 1731 1327 1778 pars,
1347 1713 1487 1761 ariete

192 1790 369 1839 incuffo
394 1789 577 1837 subruta
592 1825 608 1846 ,
627 1787 784 1836 multis
810 1787 899 1850 jam
926 1788 1042 1837 locis
1070 1789 1329 1851 prociderat
1347 1806 1360 1833 ε
1383 1803 1486 1850 per-

192 1881 282 1928 que
302 1874 506 1927 apertum
526 1863 655 1910 ruina
673 1862 756 1910 iter
774 1863 906 1909 nodie
925 1862 1154 1921 Romani,
1175 1863 1392 1925 quodque
1411 1860 1486 1907 su-

193 1954 275 2000 per
303 1949 485 1999 portum
504 1936 593 1994 est,
612 1936 658 1982 in
686 1952 833 1983 arcem
858 1946 1171 1999 perruperunt.
1193 1934 1367 1981 Attalus
1385 1934 1487 1981 luce

193 2009 365 2072 prima,
385 2009 509 2071 figno
531 2025 586 2055 ex
609 2025 713 2056 arce
735 2008 842 2055 dato
862 2008 919 2055 ab
947 2008 1168 2055 Romanis
1185 2043 1199 2065 ‚
1229 2009 1278 2054 &
1298 2005 1389 2069 ipse
1406 2022 1487 2052 ur-

194 2082 298 2130 bem
332 2081 519 2138 invafit‚
541 2080 683 2128 stratis
706 2098 871 2145 magna
901 2098 957 2127 ex
981 2094 1107 2144 parte
1137 2080 1305 2128 muris:
1336 2080 1485 2145 praesi-

197 2154 323 2202 dium
365 2152 670 2216 oppidanique
711 2152 759 2198 in
805 2154 987 2200 alteram
1028 2170 1178 2201 arcem
1220 2152 1454 2217 perfugere
1466 2161 1485 2209 a*

195 2229 318 2275 unde
347 2227 490 2273 biduo
525 2225 626 2289 post
655 2225 827 2273 deditio
859 2226 984 2277 faita.
1015 2227 1123 2278 urbs
1152 2226 1274 2291 regi,
1303 2225 1483 2289 captiva

195 2316 396 2360 corpora
423 2298 638 2346 Romanis
668 2298 844 2347 cefl‘ere.

260 2375 442 2422 XLVII.
483 2374 576 2420 Jam
608 2374 864 2421 autumnale
897 2349 1223 2437 aequinoffium
1255 2371 1482 2420 instabat.

196 2449 247 2498 δι
278 2447 341 2498 est
368 2448 486 2498 smus
512 2447 763 2511 Euboicus,
781 2465 918 2514 quem
948 2448 1083 2499 Coeia
1111 2458 1306 2508 vocant,
1333 2444 1483 2510 suspe-
