1592 2724
271 179 822 231 msToRIARUM
856 173 1235 227 LIB.XXX111.
1307 189 1397 238 349

114 291 291 338 Manlio
321 289 554 346 Vulsone,
588 289 639 335 &
669 283 1053 349 magnificentius,
1089 299 1223 347 quam
1260 282 1364 330 alias
1382 317 1399 342 ‚

115 364 217 411 faffi
231 401 243 423 ‚
272 365 322 411 &
347 364 492 409 laetius
509 371 695 424 propter
713 374 781 404 res
800 357 922 404 bello
943 357 1058 402 bene
1080 356 1218 420 gestas
1238 355 1402 419 spedla-

115 437 149 484 ti
168 473 180 496 ‚
208 437 382 499 totique
411 449 478 482 ter
506 431 762 480 instaurati:
791 428 954 494 plebeji
975 428 1130 491 septies
1156 427 1400 475 instaurati.

116 509 289 556 Acilius
308 507 498 555 Glabrio
517 542 531 565 ,
560 506 612 552 C.
635 503 794 550 Laelius
825 518 904 548 eos
932 501 1063 548 ludos
1084 499 1299 547 fecerunt.
1330 502 1401 545 Ex

117 595 305 646 argento
335 578 609 627 mulElaticio
640 577 722 623 tria
749 575 871 639 figna
892 590 1012 620 aenea
1028 609 1042 633 ‚
1061 571 1247 629 Cereri,
1273 572 1402 619 Libe·-

119 671 287 717 roque,
308 656 356 701 &
372 652 541 699 Liberae
555 686 569 708 ,
587 647 844 712 posuerunt.
872 649 921 694 L.
942 645 1099 692 Furius
1120 646 1169 691 &
1190 645 1253 691 M.
1268 644 1404 691 Clau-

120 727 215 772 dius
236 726 475 773 Marcellus
489 760 502 781 ‚
523 721 759 770 consulatu
788 721 903 768 inito
918 758 931 780 ‚
959 737 1062 768 cum
1079 719 1133 766 de
1152 717 1404 780 provinciis

119 810 320 861 ageretur
335 833 348 855 ,
369 799 418 844 &
440 795 608 842 Italiam
626 794 806 856 utrique
826 791 1109 855 provinciam
1136 788 1308 835 senatus
1328 787 1404 834 de·-

122 882 352 926 cerneret,
387 881 437 915 ut
470 865 782 913 Macedoniam
815 882 918 911 cum
952 863 1073 910 ltalia
1107 860 1404 919 sortirentur,

122 943 348 1006 petebant.
386 939 655 995 Marcellus,
685 936 943 1000 provinciae
975 933 1214 998 cupidior,
1249 949 1406 995 pacem

122 1016 370 1063 simulatam
399 1030 450 1060 ae
482 1012 683 1058 fallacem
719 1010 942 1068 dicendo,
976 1010 1024 1056 &
1056 1006 1404 1063 rebellaturum‚

125 1090 156 1135 fi
189 1088 409 1136 exercitus
441 1087 543 1133 inde
573 1086 832 1148 deportatus
863 1084 994 1141 esset,
1025 1098 1174 1146 regem
1194 1117 1209 1137 ‚
1241 1079 1405 1127 dubios

127 1161 353 1208 sententiae
390 1160 539 1205 Patres
575 1156 755 1203 fecerat.
796 1158 851 1202 Et
891 1154 1076 1200 forsitan
1116 1152 1406 1198 obtinuissent

126 1232 357 1289 consules,
389 1230 432 1275 ni
456 1232 516 1290 Q.
539 1230 733 1277 Marcius
751 1230 851 1275 Rex
878 1230 926 1275 &
948 1228 1002 1275 C.
1030 1226 1206 1272 Atinius
1234 1226 1408 1281 Labeo,

126 1307 293 1354 tribuni
321 1304 461 1368 plebis
481 1341 493 1360 ,
531 1303 571 1350 se
607 1302 922 1351 interceffiiros
951 1299 1183 1348 dixiffentz
1216 1298 1262 1345 ni
1288 1298 1409 1362 prius

127 1381 209 1445 ipsi
239 1381 291 1427 ad
332 1379 505 1442 plebem
542 1377 763 1435 tulissent,
796 1377 967 1424 vellent
1006 1374 1269 1437 iuberentne
1305 1389 1411 1420 cum

130 1470 232 1517 rege
264 1452 475 1514 Philippo
498 1467 654 1513 pacem
689 1450 787 1498 effe.
824 1451 885 1497 Ea
914 1447 1093 1511 rogatio
1113 1447 1159 1493 in
1176 1444 1410 1510 Capitolio

129 1527 185 1574 ad
208 1527 382 1589 plebem
409 1525 495 1571 lata
525 1524 600 1571 est.
634 1539 791 1570 omnes
817 1523 1016 1587 quinque
1046 1523 1097 1570 &
1122 1521 1305 1585 triginta
1331 1519 1412 1566 tri-

130 1601 244 1658 bus,
273 1599 338 1645 uti
368 1610 535 1662 rogatae
555 1634 569 1656 ‚
600 1596 828 1659 jusserunt.
870 1599 924 1642 Et
951 1611 1044 1659 quo
1080 1593 1219 1657 magis
1258 1608 1415 1656 pacem

132 1684 272 1717 ratam
311 1670 394 1716 effe
426 1670 474 1715 in
502 1670 770 1716 Macedonia
800 1668 940 1730 vulgo
963 1667 1246 1723 laetarentur,
1279 1663 1414 1710 tristis

133 1759 190 1788 ex
215 1741 424 1803 Hispania
452 1742 631 1788 nuntius
656 1741 812 1787 allatus
835 1737 1012 1796 effecit,
1046 1737 1328 1800 vulgataeque
1360 1734 1414 1780 li-

134 1828 241 1861 terae
259 1849 273 1872 ‚
301 1818 345 1860 C.
375 1816 664 1875 Sempronium
691 1816 945 1860 Tuditanum
968 1813 1254 1872 proconficlem
1277 1813 1322 1855 in
1352 1811 1416 1855 ci-

133 1890 275 1934 teriore
292 1888 671 1948 HiL'vaniaproelio
699 1887 848 1932 vic'lum
867 1903 884 1931 .·
916 1888 1134 1930 exercitum
1165 1884 1252 1940 ejus
1266 1882 1415 1942 fuficm

124 1961 427 2022 fugatumque,
460 1959 502 2006 δ’
525 1962 698 2027 illustres
722 1963 835 2005 viros
868 1961 914 2004 in
939 1961 1025 2005 acie
1052 1960 1175 2004 cecidi
1209 1976 1240 2003 e.
1280 1959 1417 2003 Tudi-

139 2050 285 2079 tanum
301 2068 316 2089 ,
346 2051 435 2078 cum
456 2036 576 2094 gravi
604 2038 766 2079 vulnere
793 2038 925 2079 latum
947 2051 1000 2078 ex
1018 2035 1166 2092 proelio
1185 2066 1199 2086 ‚
1223 2032 1342 2075 haud
1358 2033 1418 2075 ita

141 2111 270 2152 multo
283 2107 374 2171 post
389 2105 619 2170 exspiraffi.
645 2106 919 2153 Consulibus
939 2105 1158 2152 ambobus
1173 2104 1295 2150 Italia
1316 2118 1420 2165 pro·
1454 2135 1456 2137 -

141 2180 295 2226 vincia
313 2197 416 2225 cum
443 2180 511 2225 his
540 2179 820 2247 legionibus,
851 2194 960 2242 quas
985 2178 1232 2240 superiores
1253 2175 1420 2222 consu-

142 2252 206 2298 les
235 2251 507 2309 habuiffent,
533 2252 735 2310 decreta,
761 2254 809 2298 &
827 2264 877 2298 ut
900 2264 1098 2314 quatuor
1117 2250 1314 2312 legiones
1335 2263 1422 2294 no-

143 2343 224 2373 vas
251 2326 516 2373 scriberent:
547 2326 676 2383 duas,
704 2342 828 2387 quae,
852 2342 947 2389 quo
975 2324 1147 2370 senatus
1169 2320 1422 2378 censuisset,

143 2399 440 2445 mitterentur.
470 2400 520 2445 &
544 2400 601 2445 T.
623 2397 861 2456 Quinftius
889 2395 1164 2443 Flamininus
1191 2409 1292 2440 cum
1314 2392 1422 2438 dua-

146 2470 228 2517 bus
248 2468 501 2533 legionibus
529 2468 818 2531 provinciam
847 2467 1007 2514 eodem
1034 2464 1230 2513 exercitu
1249 2462 1427 2511 obtine·
