1592 2724
314 177 855 225 HISTORIARUM
894 180 1023 226 ΗΒ.
1060 180 1258 229 xxxii.
1326 197 1420 248 313

127 278 325 347 singulos
349 285 520 349 legatos
545 287 598 332 ad
627 286 911 332 edocendum
933 286 1130 334 senatum
1146 323 1159 344 ‚
1187 305 1242 334 ne
1262 289 1418 337 fraude

125 358 241 421 regis
262 373 517 420 caperetur,
531 358 712 421 placuit.
733 359 944 405 Additum
964 360 1243 409 induciarum
1261 367 1386 424 pacto
1400 398 1416 419 ‚

126 445 174 476 ut
206 432 324 494 regia
355 432 551 494 praesidia
572 429 770 477 Phocide
801 447 852 477 ac
872 431 1064 478 Locride
1084 437 1314 496 extemplo
1336 437 1416 482 de-

124 504 406 553 ducerentur.
442 509 497 552 Et
525 504 617 567 ipse
644 504 883 572 Quinffius
914 522 1017 552 cum
1042 507 1269 553 sociorum
1294 510 1417 572 lega-

121 578 180 624 tis
215 579 556 643 Amynandrum
588 578 889 625 Athamanum
926 595 1102 643 regem,
1142 592 1191 626 ut
1225 579 1418 641 speciem

123 651 340 715 legationi
376 652 617 714 adjiceret;
663 654 723 712 Q.
758 653 938 699 Fabium
977 652 1172 717 (uxoris
1211 653 1416 713 Quinffii

124 722 293 772 sororis
324 725 440 773 filius
472 726 596 790 erat)
626 727 676 773 &
711 727 772 786 Q.
805 726 1041 783 Fulvium,
1074 727 1124 774 &
1159 729 1244 790 Ap.
1275 728 1416 775 Clau·-

125 796 246 843 dium
273 798 403 845 mifit.

187 870 428 916 XXXVII.
462 873 526 918 Ut
551 881 739 916 ventum
772 870 965 917 Romam
995 869 1086 929 est,
1113 870 1237 934 prius
1264 870 1415 920 socio-⁴

121 957 223 989 rum
257 943 414 1006 legati,
447 960 578 1006 quam
600 944 713 1007 regis
730 979 744 1001 ‚
772 943 911 989 auditi
939 943 1052 991 sunt.
1086 958 1231 993 cetera
1253 963 1414 996 eorum

124 1018 274 1064 oratio
302 1017 529 1065 conviciis
555 1018 669 1082 regis
701 1018 935 1065 consumta
972 1018 1048 1065 est.
1086 1021 1336 1068 Moverunt
1354 1039 1414 1069 eo

120 1090 315 1136 maxime
335 1091 532 1137 senatum
546 1128 557 1145 ,
579 1091 928 1138 demonstrando
949 1092 1081 1138 maris
1106 1105 1415 1155 terrarumque

120 1161 319 1224 regionis
346 1163 439 1223 ejus
470 1163 598 1209 situm
617 1182 627 1210 ς
646 1176 697 1210 ut
723 1164 933 1210 omnibus
964 1179 1228 1227 appareret,
1258 1166 1287 1211 si
1312 1167 1415 1212 De-

120 1235 381 1281 metriadem
404 1236 449 1281 in
474 1236 691 1283 Thessalia
706 1273 718 1293 ‚
748 1236 1006 1283 Chalcidem
1026 1236 1071 1283 in
1093 1237 1265 1284 Euboea
1283 1274 1297 1294 ‚
1317 1238 1414 1282 Co-

120 1304 318 1353 rinthum
348 1308 393 1352 in
428 1307 597 1367 Achaja
620 1324 697 1353 rex
720 1319 921 1364 teneret,
956 1324 1050 1354 non
1083 1308 1206 1371 poffe
1226 1308 1414 1357 liberam

121 1379 345 1426 Graeciam
381 1381 494 1428 effe:
527 1383 576 1428 ἐξ
612 1380 754 1442 ipsum
790 1381 1080 1444 Philippum,
1119 1397 1214 1428 non
1245 1396 1413 1429 contu-

120 1453 376 1512 meliosius,
397 1473 529 1518 quam
557 1456 707 1502 verius
724 1492 737 1512 ‚
759 1455 999 1518 compedes
1029 1472 1099 1503 eas
1123 1456 1313 1504 Graeciae
1336 1474 1413 1519 ap·

119 1528 300 1590 pellare.
355 1532 509 1593 Legati
553 1531 714 1591 deinde
756 1530 870 1593 regis
905 1530 1160 1578 intromiffi.
1210 1532 1413 1595 quibus,

119 1601 373 1664 longiorem
416 1604 584 1650 exorsis
624 1604 914 1661 orationem,
960 1604 1112 1651 brevis
1154 1604 1412 1669 interroga-

118 1673 213 1726 tio,
248 1675 493 1721 cessurusne
516 1676 569 1722 iis
603 1676 744 1722 tribus
774 1675 956 1723 urbibus
990 1675 1124 1732 effet,
1158 1675 1411 1723 sermonem

120 1745 308 1806 incidit,
350 1766 450 1795 cum
487 1749 685 1795 mandati
716 1749 794 1794 fibi
828 1749 882 1794 de
922 1748 991 1794 his
1024 1748 1292 1794 nominatim
1329 1766 1411 1795 ne·-

118 1831 276 1882 garent
309 1821 571 1883 quidquam.
618 1820 676 1866 fic
712 1819 873 1866 infecta
909 1836 1049 1882 pace,
1084 1820 1194 1882 regii
1232 1820 1410 1867 dimiffi.

119 1892 341 1952 Quinfflo
368 1894 558 1940 liberum
588 1893 820 1940 arbitrium
853 1893 973 1955 pacis
1003 1909 1055 1939 ac
1089 1892 1194 1938 belli
1223 1893 1410 1955 permis·

119 1967 227 2015 sum.
264 1970 407 2029 Quod
440 1983 491 2016 ut
517 1970 614 2016 satis
646 1969 876 2032 apparuit,
902 1984 998 2013 non
1025 1968 1187 2014 taedere
1218 1968 1324 2015 belli
1347 1968 1412 2015 se-

120 2052 303 2098 natum,
340 2043 389 2088 &
419 2042 538 2103 ipse,
570 2043 805 2100 vidioriae,
847 2058 982 2103 quam
1017 2040 1167 2103 paciS,
1200 2040 1409 2098 avidior,

119 2129 265 2175 neque
290 2113 570 2175 colloquium
595 2115 747 2176 postea
774 2114 989 2178 Philippo
1018 2113 1163 2170 dedit,
1184 2131 1327 2176 neque
1345 2115 1409 2158 le-

118 2185 346 2248 gationem
381 2186 509 2231 aliam
530 2222 542 2242 ‚
571 2203 703 2249 quam
737 2205 838 2250 quae
871 2187 999 2234 omni
1032 2187 1213 2234 Graecia
1248 2185 1407 2234 decedi

119 2257 369 2311 nuntiaret,
409 2258 700 2305 admiffiuum
722 2260 849 2308 dixit.

183 2331 440 2376 XXXVHI.
465 2330 719 2393 Philippus,
742 2350 842 2379 cum
862 2333 956 2380 acie
975 2330 1304 2379 decernendum
1326 2329 1405 2376 vi-

120 2401 242 2448 deret
259 2439 272 2458 ,
303 2405 350 2450 8(
370 2403 568 2466 undique
586 2405 641 2451 ad
672 2404 713 2451 se
737 2406 1063 2453 contrahendas
1089 2406 1207 2451 vires
1222 2440 1236 2462 ‚
1259 2404 1404 2451 maxi-

78 2492 81 2493 ⁷
108 2470 189 2520 ‘me
208 2475 260 2521 de
284 2475 461 2537 Achaiae
494 2477 679 2525 urbibus
696 2513 709 2537 ,
742 2478 939 2543 regionis
960 2479 1013 2523 ab
1045 2477 1088 2524 se
1113 2475 1327 2534 diversae,
1353 2477 1407 2523 &
