1592 2724
217 160 311 208 374
582 143 1152 194 T1T1L1V11

217 250 282 298 Ibi
315 267 415 296 cuni
438 261 586 312 parata
615 250 915 315 instruclaque
943 253 1133 317 remigio
1165 255 1341 319 excepit
1367 256 1512 308 navis}

220 325 279 372 ita
303 324 454 372 Africa
477 325 705 371 Hannibal
737 326 948 383 exceffit,
978 325 1132 388 saepius
1161 329 1341 389 patriae,
1374 349 1509 394 quam

218 399 402 446 suorum
429 410 620 446 eventus
643 398 887 445 miseratus,
923 402 992 445 Eo
1019 399 1089 446 die
1116 399 1163 446 in
1184 403 1418 452 Cercinam
1440 406 1509 453 in-

217 473 354 518 sulam
376 470 565 530 trajecit.
595 471 671 517 ubi
698 474 867 518 cumin
888 485 1024 535 portu
1046 490 1182 522 naves
1201 475 1375 538 aliquot
1392 495 1508 525 one-

217 545 354 591 rarias
375 561 474 589 cum
502 541 723 588 mercibus
745 541 1008 601 invenisset,
1031 545 1079 590 δε
1101 545 1156 590 ad
1171 547 1383 609 egressum
1404 566 1510 598 eum

219 636 243 666 e
267 635 382 664 nave
408 615 657 663 concursus
680 613 963 662 salutantium
994 618 1096 664 esl‘et
1124 619 1285 677 factum
1310 639 1510 683 percon-

218 692 414 740 tantibus
449 689 645 748 legatum
671 687 713 734 se
749 690 928 751 Tyrum
958 689 1047 736 dici
1074 691 1206 752 jussit.
1244 695 1417 742 veritus
1442 708 1514 743 ta-‘

219 782 323 811 men
340 800 352 821 ‚
382 779 437 808 ne
457 779 545 825 qua
572 778 722 809 earum
745 762 875 807 navis
903 763 1034 808 nocte
1060 765 1262 825 profeEla
1283 768 1512 830 Thapsum

222 851 298 885 aut
318 836 555 884 Achollam
587 834 812 881 nuntiaret
829 871 842 893 ,
877 834 918 881 se
942 835 1149 882 Cercinae
1174 838 1316 886 visum
1338 876 1350 898 ,
1376 841 1514 888 sacri-

222 912 330 960 ficio
351 911 557 974 apparari
586 909 699 971 jufl'o
716 947 732 967 ,
755 909 985 972 magistros
1012 910 1198 957 navium
1220 915 1515 961 mercatores-

222 1005 312 1051 que
340 986 526 1035 invitari
557 987 704 1048 juffit:
736 988 784 1033 &
813 985 916 1032 vela
946 1004 1049 1034 cum
1075 987 1282 1035 antennis
1306 1005 1362 1035 ex
1381 989 1516 1038 navi-

223 1065 305 1111 bus
337 1063 568 1127 corrogari
585 1099 600 1120 ,
627 1074 676 1109 ut
695 1063 852 1109 umbra
875 1063 1069 1121 (etenim
1088 1063 1233 1110 media
1251 1062 1371 1111 aestas
1392 1064 1514 1114 forte

222 1137 346 1202 erat)
375 1138 661 1185 coenantibus
688 1136 735 1183 in
764 1137 897 1184 litore
929 1132 1067 1186 fieret.
1104 1141 1340 1199 Quantum
1376 1158 1445 1189 res
1465 1144 1516 1191 δε

223 1226 400 1277 tempus
442 1211 760 1274 patiebantur,
801 1224 1024 1275 apparatae
1064 1213 1385 1295 celebrataeque
1419 1214 1515 1275 ejus

223 1284 311 1331 diei
346 1285 489 1348 epulae
522 1284 654 1332 sunt:
690 1284 928 1350 multoque
962 1287 1079 1334 vino
1110 1286 1157 1333 in
1193 1287 1337 1335 serum
1367 1282 1517 1336 nostis

225 1357 498 1405 convivium
541 1375 647 1420 pro
632 1357 827 1405 luctum
883 1359 1144 1419 Hannibal,
1181 1344 1515 1423 quamprimum

225 1430 407 1477 fallendi
443 1447 551 1488 eos,
587 1430 664 1495 qui
697 1431 743 1477 in
778 1443 917 1494 portu
939 1449 1097 1491 erant,
1126 1445 1301 1496 tempus
1335 1433 1518 1493 habuit,

224 1521 391 1551 navem
420 1505 572 1552 solvit.
612 1503 748 1552 ceteri
780 1506 915 1569 sopiti
953 1525 1055 1554 cum
1084 1469 1271 1569 ⁷postero
1307 1506 1379 1553 die
1415 1518 1516 1553 tan-

225 1577 326 1624 dem
357 1595 413 1624 ex·
434 1578 596 1625 somno
621 1579 742 1639 pleni
771 1579 965 1642 crapulae
986 1580 1293 1637 surrexissent,
1324 1579 1369 1625 id
1390 1579 1516 1643 quod

224 1652 369 1698 serum
390 1664 483 1698 erat
499 1688 512 1709 ‚
540 1652 715 1716 aliquot
734 1653 865 1701 horas
893 1653 1024 1701 remis
1044 1654 1092 1699 in
1113 1669 1252 1700 naves
1281 1652 1517 1701 collocan-

225 1723 292 1768 dis
327 1726 377 1771 ὅζ
409 1724 614 1786 aptandis
649 1725 933 1772 armamentis
964 1725 1283 1772 absumserunt.
1322 1726 1516 1772 Carthae-

225 1795 328 1857 gine
362 1798 411 1843 &
444 1796 778 1853 multitudinis,
811 1799 985 1846 affuetae
1025 1799 1212 1844 domum
1250 1797 1516 1845 Hannibalis

226 1869 543 1931 frequentare,
581 1872 823 1919 concursus
857 1873 913 1919 ad
947 1871 1219 1921 vestibulum
1257 1871 1417 1917 aedium
1454 1871 1517 1918 est

225 1940 396 1988 &aasz
430 1945 506 2001 Sc,
540 1959 591 1989 ut
618 1961 713 1991 non
741 1961 1004 2006 comparere
1032 1960 1132 1989 eum
1164 1942 1391 2002 vulgatum
1424 1943 1519 2001 est,'

225 2011 273 2058 in
302 2012 452 2059 forum
480 2015 623 2061 turba
643 2015 864 2062 convenit
887 2012 1136 2078 principem
1170 2014 1366 2061 civitatis
1393 2032 1517 2077 quae-

227 2087 452 2145 rentium,
487 2089 536 2135 &
571 2088 644 2135 alii
674 2089 819 2151 fugam
848 2088 1093 2145 consci-H'e,
1126 2087 1202 2152 (id
1234 2088 1358 2150 quod
1388 2087 1516 2151 erat)

227 2159 303 2206 alii
335 2159 491 2207 fraude
519 2162 833 2208 Romanorum
858 2161 1166 2220 interfeElum,
1198 2161 1333 2223 idque
1354 2160 1519 2221 magis,

232 2231 460 2280 ferebant:
494 2235 734 2299 variosque
764 2236 916 2282 vultus
946 2252 1175 2291 cerneres,
1205 2245 1253 2280 ut
1280 2234 1324 2279 in
1354 2233 1518 2283 civit&-

227 2318 272 2353 te
301 2307 492 2354 aliorum
523 2308 629 2354 alias
665 2322 810 2370 partes
843 2309 1101 2356 foventium
1131 2307 1410 2354 faffionibus.
1438 2306 1518 2355 Vi.-

226 2379 322 2427 sum
367 2380 526 2428 deinde
546 2381 751 2428 Cercinae
772 2399 904 2441 eum,
934 2383 1112 2430 tandem
1140 2381 1320 2428 allatum
1349 2380 1425 2427 est.

292 2454 458 2503 XLIX.
492 2454 689 2501 Romani
722 2454 855 2518 legati
889 2471 991 2502 cum
1021 2454 1068 2502 in
1098 2452 1253 2502 senatu
1286 2450 1517 2516 equsuiss
