1592 2724
277 161 836 219 HtsTORIA'RUM
879 173 1004 219 LIB.
1044 173 1260 220 Xva.
1358 179 1424 236 43·

136 276 382 345 fingulaene
423 279 665 336 cohortes,
705 295 760 325 an
797 277 1030 335 universi,
1064 280 1119 324 ad
1156 279 1424 340 stipendium

134 352 380 413 petendum
415 352 544 398 irent.
585 350 827 397 inclinavit
859 350 1100 408 sententia,
1130 351 1257 414 quod
1287 351 1426 397 tutius

134 423 398 480 censebant,
419 422 660 470 universos
689 423 768 470 ire.

202 498 370 545 XXVI.
402 499 483 543 Per
506 495 684 542 eosdem
711 495 804 541 dies
820 531 834 554 ‚
853 495 1015 559 quibus
1041 495 1139 542 haec
1160 494 1226 541 illi
1245 494 1428 542 consul-

137 567 317 627 tabant,
333 569 569 616 confilium
589 568 641 614 de
664 568 716 614 iis
737 569 996 632 Carthagini
1016 581 1131 615 erat:
1155 570 1430 616 certabatur-

135 659 226 705 que
249 643 474 689 sententiis
489 679 501 700 ‚
523 658 675 689 utrum
702 641 748 687 in
769 643 971 689 austeres
998 645 1170 689 tantum
1195 642 1429 688 seditionis

137 714 290 778 (erant
316 727 466 761 autem
487 714 532 760 hi
557 731 746 761 numero
776 715 894 761 haud
917 716 1044 777 plus,
1067 733 1202 778 quam
1228 715 1429 778 quinque

135 789 188 833 &
209 787 421 851 triginta)
436 789 891 846 animadverteretur,
911 806 964 834 an
988 789 1186 851 plurium
1207 787 1430 850 supplicio

138 861 414 907 vindicanda
435 874 522 908 tam
547 861 655 908 soecli
676 861 870 923 exempli
893 861 1084 908 deseffio
1101 861 1239 924 magis
1255 898 1268 917 ‚
1296 876 1432 922 quam

135 930 296 980 seditio
311 970 324 992 ‚
350 936 468 983 esset.
500 936 623 983 Vicit
645 936 856 982 sententia
878 936 1054 993 lenior,
1073 950 1124 982 ut
1140 972 1153 992 ‚
1181 935 1300 981 unde
1325 946 1428 980 orta

137 1005 272 1068 culpa
302 1009 432 1066 esset,
458 1009 518 1055 ibi
542 1022 679 1070 poena
707 1008 978 1055 consisteret.
1008 1009 1061 1055 ad
1085 1008 1424 1055 multitudinem

138 1078 477 1142 castigationem
524 1081 624 1126 satis
663 1081 762 1127 esse.
805 1080 1012 1126 Consilio
1054 1081 1259 1139 dimisso,
1297 1092 1349 1126 ut
1381 1079 1430 1126 id

140 1149 286 1195 afrum
328 1151 584 1207 videretur,
621 1151 850 1212 expeditio
886 1151 1094 1199 adversus
1130 1152 1431 1198 Mandonium

137 1221 467 1286 Indibilemque
515 1224 705 1271 edicitur
752 1224 999 1282 exercitui,
1037 1224 1116 1287 qui
1161 1224 1430 1288 Carthagine

137 1305 262 1351 erat,
303 1297 354 1342 &
385 1296 548 1344 cibaria
585 1297 757 1343 dierum
802 1298 980 1362 aliquot
1012 1314 1165 1360 parare
1205 1297 1431 1360 jubentur.

137 1366 331 1414 tri-bunis
362 1369 524 1432 septem
540 1407 552 1425 ‚
574 1371 651 1434 qui
672 1373 721 1417 &¹
750 1384 878 1416 antea
898 1372 1148 1417 Sucronem
1175 1371 1229 1416 ad
1257 1371 1426 1427 lenien-

141 1439 242 1487 dam
280 1441 544 1490 seditionem
585 1444 760 1502 ierant,
794 1443 979 1490 obviam
1014 1443 1232 1497 exercitui
1270 1442 1430 1497 miffis,

136 1513 277 1574 quina
304 1515 492 1562 nomina
524 1516 780 1578 principum
812 1515 1043 1562 seditionis
1076 1516 1191 1561 edita
1221 1515 1347 1571 sunt3
1379 1526 1431 1561 ut

139 1608 248 1648 θος,
279 1606 359 1652 per
394 1589 586 1637 idoneos
617 1591 825 1638 homines
854 1591 1052 1653 benigno
1088 1590 1223 1637 vultu
1258 1607 1308 1636 ac
1341 1588 1432 1635 ser-

139 1680 279 1711 mone
305 1664 353 1709 in
373 1662 620 1725 hospitium
642 1664 861 1710 invitatos
885 1662 1142 1725 sopitosque
1165 1662 1276 1709 vino
1291 1698 1305 1719 ‚
1324 1662 1435 1708 vin-

140 1737 300 1783 cirent.
327 1735 460 1781 Haud
487 1735 650 1797 procul
674 1734 762 1796 jam
793 1735 1062 1797 Carthagine
1093 1735 1297 1792 aberant,
1329 1751 1433 1781 cum

139 1826 198 1856 ex
221 1807 373 1855 obviis
399 1808 629 1866 auditum,
658 1807 840 1870 postero
872 1807 940 1854 die
968 1824 1151 1854 omnem
1182 1806 1434 1854 exercitum

143 1898 246 1928 cum
277 1883 340 1927 M.
364 1881 516 1927 Silano
541 1881 588 1926 in
620 1884 868 1928 Lacetanos
896 1880 1150 1944 proficisci,
1180 1897 1278 1926 non
1309 1893 1434 1928 metu

143 1954 286 2000 modo
317 1953 467 2010 omni,
491 1953 570 2017 qui
600 1954 760 2001 tacitus
780 1954 995 2001 insidebat
1019 1953 1206 2012 animis,
1225 1954 1434 2002 liberavit
1476 1973 1478 1975 “

142 2042 248 2083 eos,
270 2025 343 2072 sed
364 2025 562 2073 laetitiam
592 2025 821 2090 ingentem
847 2025 981 2074 fecit:
1005 2026 1129 2090 quod
1148 2026 1284 2090 magis
1307 2026 1439 2072 habi-r·

143 2100 235 2147 turi
262 2098 407 2145 solum
428 2100 744 2161 imperatorem
763 2137 776 2160 ,
795 2119 927 2164 quam
949 2101 1028 2163 ipsi
1057 2100 1199 2159 futuri
1225 2100 1273 2147 in
1299 2112 1435 2163 pote-

144 2173 254 2219 state
277 2171 371 2233 ejus
400 2172 550 2220 essent.
577 2175 669 2219 Sub
700 2174 905 2221 occasum
936 2174 1041 2221 solis
1070 2164 1225 2220 urbem
1256 2171 1436 2235 ingreffi

145 2245 270 2302 sunt,
293 2245 629 2308 exercitumque
648 2246 834 2293 alterum
857 2259 1085 2310 parantem
1107 2245 1260 2292 omnia
1279 2244 1332 2290 ad
1353 2243 1438 2288 iter

146 2316 373 2362 viderunt.
420 2316 609 2379 Excepti
648 2316 928 2365 sermonibus
961 2319 1014 2364 de
1055 2316 1268 2363 industria
1308 2330 1438 2360 com-

149 2389 306 2451 positis
323 2425 337 2447 ‚
356 2395 492 2434 laetum
523 2407 874 2452 opportunumque
902 2397 1124 2437 adventum
1151 2407 1284 2435 eorum
1306 2391 1439 2448 impc-

151 2464 280 2507 ratori
298 2460 395 2525 effi,
419 2464 621 2524 quodsub
649 2463 782 2524 ipfizm
807 2464 1098 2524 profefiionem
1126 2464 1293 2508 alterius
1321 2477 1439 2507 exeſs-
