1592 2724
214 172 304 204 222
561 152 1134 203 T1T1L1V11

211 278 292 310 nes
320 259 548 326 descriptis
570 298 582 318 ‚
608 260 893 326 navibusque
928 278 985 308 ex
1012 260 1139 308 claffe
1161 259 1357 309 consulis
1380 260 1501 308 Cor-

211 337 317 384 nelii
340 335 460 384 lectis
477 373 490 393 ,
513 334 649 382 altera
666 334 760 393 die,
783 351 916 397 quam
945 352 969 381 a
990 334 1227 380 Brundisio
1258 333 1394 381 solvit
1413 369 1426 391 ,
1456 334 1501 379 in

211 408 530 458 Macedoniam
547 407 739 470 trajecit.
771 408 834 454 Ibi
855 407 894 454 ei
921 406 1085 470 prs-esto
1114 405 1239 453 fuere
1259 406 1503 453 Athenien-

211 482 495 548 fiumlegati,
520 493 700 528 orantes
715 517 729 539 ,
749 493 800 528 ut
819 480 860 527 se
882 480 1119 527 obsidione
1141 481 1370 528 eximeret.
1395 478 1503 526 Mis-

212 554 282 602 sus
299 551 529 615 extemplo
554 551 754 598 Athenas
781 550 842 596 est
863 552 918 598 C.
935 551 1150 597 Claudius
1172 550 1379 608 Centho,
1401 567 1506 598 cum

212 625 378 690 viginti
410 623 560 687 longis
586 621 805 682 navibus,
840 623 891 670 &
926 621 1119 669 militurn
1154 622 1314 686 copiis.
1357 638 1505 686 neque
1562 651 1565 654 ,

212 700 333 746 enim
363 696 455 761 ipse
481 713 563 743 rex
583 695 778 742 Athenas
800 695 1046 742 obfidebat.
1077 712 1133 741 eo
1165 696 1362 741 maxime
1387 704 1506 741 tem-

210 789 323 838 pore
344 770 558 835 Abydum
579 767 874 833 oppugnabat
891 803 904 827 ,
921 767 1009 829 jam
1031 785 1133 815 cum
1146 768 1339 815 Rhodiis
1357 769 1408 816 δε
1422 770 1504 814 At-

212 848 306 896 talo
334 844 577 895 navalibus
604 842 947 900 certaminibus,
971 853 1136 888 neutro
1163 841 1355 889 feliciter
1378 857 1507 904 proe-

212 921 302 980 lio,
324 919 445 968 vires
463 928 688 980 expertus.
720 915 806 962 Sed
832 914 1009 961 animos
1031 914 1073 960 ei
1096 913 1318 972 faciebat,
1341 926 1505 977 praeter

213 989 647 1044 ferocianrinfitam,
665 986 812 1035 foedus
832 986 967 1035 iesum
987 1003 1090 1034 cum
1111 987 1344 1035 Antiocho
1358 986 1506 1051 Syriae

212 1062 596 1129 rege,divisaeque
613 1060 700 1122 jam
723 1077 826 1107 cum
846 1075 902 1106 eo
917 1059 1249 1123 AEgyptiope83
1271 1059 1368 1119 cui,
1384 1076 1506 1106 mor·

213 1152 258 1187 te
278 1138 428 1186 audita
447 1133 678 1183 Ptolemaei
704 1132 847 1197 regis,
880 1131 1012 1179 ambo
1034 1132 1344 1181 imminebant.
1374 1133 1507 1180 Con-

213 1222 445 1261 traxerant
474 1220 620 1256 autem
652 1206 732 1253 fibi
772 1223 874 1254 cum
911 1204 1127 1269 Philippo
1162 1206 1328 1253 bellum
1361 1206 1506 1253 Athe-

216 1283 389 1332 nienses
415 1281 760 1343 haudquaquam
789 1278 922 1342 digna
947 1277 1098 1325 causa:
1127 1278 1231 1324 dum
1265 1294 1322 1324 ex
1349 1290 1505 1327 vetere

215 1359 400 1406 fortuna
416 1353 528 1401 nihil
549 1364 711 1416 praeter
730 1351 906 1397 animos
921 1349 1114 1398 servant
1138 1351 1392 1397 Acarnanes
1412 1351 1505 1396 duo

216 1431 299 1496 juv
305 1445 410 1477 enes
429 1443 508 1491 per
529 1425 766 1472 mitiorum
793 1423 914 1481 dies,
946 1439 1040 1469 non
1067 1422 1258 1481 initiati,
1286 1422 1505 1485 templum

218 1504 423 1562 Cereris,
445 1501 751 1564 imprudentes
779 1498 1042 1561 religionis,
1075 1515 1178 1545 cum
1198 1510 1343 1544 cetera
1372 1495 1504 1543 turba

217 1580 290 1626 in
268 1577 395 1643 gressi
427 1575 540 1622 sunt
577 1573 722 1620 Facile
757 1588 836 1619 eos
868 1571 1014 1617 sermo
1046 1569 1282 1633 prodidit,
1318 1568 1505 1615 absurde

219 1671 245 1717 q
237 1653 425 1699 [uaedam
443 1659 781 1713 percontantes:
797 1644 1065 1708 deduflique
1084 1646 1140 1692 ad
1157 1644 1372 1705 antistites
1392 1656 1505 1691 tem-

217 1727 312 1791 pli,
341 1742 446 1773 cum
473 1723 615 1786 palam
635 1721 771 1781 effet,
805 1737 884 1784 per
904 1735 1106 1767 errorem
1138 1719 1387 1783 ingrefios,
1405 1732 1507 1766 tan-

218 1814 352 1863 quam
370 1794 681 1844 obinfandum
700 1794 861 1853 scelus,
875 1791 1096 1840 interfeffi
1116 1791 1231 1839 sunt.
1250 1793 1299 1838 ld
1315 1804 1402 1838 tam
1417 1791 1504 1839 foe-

220 1857 277 1917 cie
295 1882 429 1934 atque
448 1867 670 1915 hostiliter
693 1866 856 1914 factum
883 1882 991 1931 gens
1013 1867 1301 1912 Acarnanum
1328 1864 1385 1912 ad
1405 1865 1508 1911 Phi-

220 1945 396 2008 lippum
416 1942 600 1989 detulit:
621 1941 973 2005 impetravitque
995 1940 1050 1987 ab
1068 1955 1127 1987 eo
1142 1975 1156 1998 ,
1173 1951 1248 1998 ut,
1279 1938 1390 1987 datis
1406 1940 1508 1985 Ma-

222 2018 450 2066 cedonum
472 2014 651 2062 auxiliis
668 2051 682 2073 ,
710 2015 875 2062 bellum
903 2013 945 2060 se
976 2012 1141 2060 inferre
1159 2012 1508 2060 'Atheniensibus

221 2099 462 2155 pateretur.
503 2088 591 2136 Hic
626 2088 882 2145 exercitus,
920 2085 1071 2150 primo
1108 2096 1273 2132 terram
1309 2084 1508 2131 Atticam

222 2166 346 2214 ferro
364 2163 548 2229 ignique
566 2163 889 2227 depopulatus,
909 2179 1012 2209 cum
1033 2159 1182 2209 omnis
1202 2159 1374 2241 generis
1392 2175 1507 2222 prae-

224 2238 315 2287 da
305 2256 351 2285 m
370 2236 670 2285 Acarnaniam
694 2234 853 2283 rediit:
885 2236 936 2283 ὅ(
957 2233 1152 2282 irritatio
1181 2231 1436 2280 animorum
1457 2247 1509 2277 ea

225 2311 372 2375 prima
398 2310 499 2358 fuit.
529 2309 682 2374 postea
711 2308 868 2370 juffum
900 2309 1069 2355 bellum
1091 2305 1281 2353 decretis
1309 2302 1508 2353 civitatis

225 2385 347 2432 ultro
379 2383 623 2432 indicendo
651 2381 1038 2430 fa&t1n1.Attalus
1071 2379 1191 2427 enim
1217 2393 1297 2424 rex
1314 2374 1507 2422 Rhodii·

225 2476 337 2523 que,
353 2458 570 2525 persecuti
588 2455 844 2508 cedentem
833 2473 881 2503 m
898 2454 1211 2506 Macedoniam
1227 2450 1507 2516 Philippum,
