1592 2724
274 176 818 223 HISTORIARUM
861 176 986 223 [ΞΒ.
1022 176 1231 225 XXVffl.
1337 191 1392 236 19

114 302 224 333 num
257 284 496 348 imperium
532 284 607 332 est.
652 284 716 329 M.
750 282 956 330 Valerius
993 283 1274 345 proconsul,
1314 283 1396 347 qui

115 357 294 403 tuendae
335 356 455 403 circa
494 353 688 402 Siciliam
727 353 961 400 maritimae
995 369 1090 400 orae
1125 353 1395 415 praefuerat,

115 427 298 491 triginta
328 427 518 475 navibus
547 427 599 473 C.
634 425 831 472 Servilio
861 424 1084 487 praebitis,
1114 441 1216 472 cum
1248 436 1395 472 cetera

114 501 246 548 omni
273 501 400 549 classe
426 500 569 546 redire
588 500 645 545 ad
661 499 816 546 urbem
836 497 987 559 jussus,

182 576 262 622 XI.
296 577 347 620 In
373 571 554 620 civitate
585 583 712 617 tanto
748 570 1003 617 discrimine
1035 571 1140 618 belli
1173 570 1399 631 sollicita,'

119 664 223 694 cum
242 645 446 692 omnium
464 643 759 701 secundorum
784 643 1162 708 adversorumque
1183 645 1331 692 causas
1352 646 1399 692 in

120 720 252 766 Deos
269 728 496 763 verterent
508 750 524 772 ,
539 714 679 760 multa
694 714 900 777 prodigia
920 716 1238 762 nuntiabantur
1255 735 1265 763 :
1287 717 1399 763 Tar-

119 791 283 839 racinae
308 789 433 839 Jovis
452 789 616 844 aedem,
645 787 802 834 Satrici
823 787 977 833 Matris
996 790 1178 834 Matutae
1198 788 1252 834 de
1273 789 1400 837 coelo

119 863 294 909 tactam.
328 859 581 906 Satricanos
611 857 730 904 haud
755 859 904 905 minus
935 859 1161 905 terrebant
1191 860 1238 906 in
1261 861 1402 908 aedem

121 935 251 984 Jovis
277 932 451 979 foribus
481 930 583 993 ipfis
612 930 703 976 duo
742 931 929 993 perlapfi
957 948 1136 995 angues.
1172 933 1241 978 Ab
1261 934 1402 980 Antio

122 1009 379 1056 nuntiatum
399 1007 484 1064 est,
506 1021 708 1053 cruentas
724 1006 863 1068 spicas
878 1008 1145 1053 metentibus
1167 1008 1283 1054 visas
1302 1009 1402 1057 effe.

121 1083 254 1129 Caere
283 1096 449 1144 porcus
480 1079 660 1141 biceps,
691 1081 739 1125 &
757 1094 894 1141 agnus
920 1096 1011 1126 mas
1037 1079 1245 1143 idemque
1275 1080 1405 1127 femi-

123 1173 183 1201 na
211 1166 338 1200 natus
369 1163 474 1200 erat.
509 1155 563 1198 Et
580 1152 706 1197 Albae
727 1152 817 1197 duo
843 1151 955 1199 soles
975 1151 1098 1199 visos
1125 1152 1406 1202 referebant:

123 1231 176 1276 &
207 1227 337 1274 noste
356 1223 561 1287 Fregellis
592 1224 736 1271 lucem
767 1223 993 1270 obortam.
1030 1226 1085 1269 Et
1115 1224 1197 1270 bos
1221 1224 1268 1270 in
1293 1241 1407 1289 agro

125 1301 340 1347 Romano
359 1297 537 1344 locutus
551 1330 565 1354 ,
585 1297 634 1343 &
654 1312 727 1348 ara
747 1296 945 1358 Neptuni
966 1296 1110 1342 multo
1130 1296 1289 1342 sudore
1309 1315 1408 1344 ma·-

127 1374 246 1422 naffe
265 1373 313 1419 in
336 1371 459 1419 circo
480 1368 699 1427 Flaminio
716 1369 968 1416 dicebatur:
995 1371 1043 1415 &
1069 1369 1182 1415 aedes
1202 1370 1409 1429 Cereris,

128 1445 319 1503 Salutis,
350 1443 532 1504 Quirini
560 1442 614 1488 de
643 1441 766 1488 coelo
789 1441 926 1486 tactae.
961 1440 1168 1504 Prodigia
1200 1443 1410 1491 consules

129 1517 286 1566 hostiis
302 1514 546 1577 majoribus
566 1529 808 1576 procurare
829 1512 947 1573 justi,
969 1515 1017 1559 δέ
1036 1512 1412 1575 supplicationem·

129 1607 272 1637 unum
307 1589 424 1635 diem
459 1587 634 1634 habere.
675 1587 736 1632 Ea
771 1603 825 1632 ex
866 1585 1246 1632 tenatusconsulto
1284 1587 1411 1635 faeta.

130 1667 234 1713 Plus
256 1662 469 1709 omnibus
497 1673 571 1707 aut
589 1660 804 1707 nuntiatis
830 1676 1011 1721 peregre
1028 1695 1041 1715 ,
1061 1672 1136 1705 aut
1160 1660 1264 1706 vifis
1284 1661 1411 1707 domi

132 1736 382 1802 prodigii3‚
417 1734 577 1781 terruit
609 1734 783 1780 animos
815 1733 1052 1779 hominum
1092 1733 1205 1796 ignis
1235 1733 1281 1779 in
1318 1734 1412 1780 aede

132 1810 280 1857 Vestae
303 1807 556 1854 exstinctus.
593 1805 791 1869 caesaque
819 1805 962 1869 flagro
993 1805 1055 1851 est
1086 1805 1303 1864 Vestalis,
1330 1823 1413 1854 cu-

131 1883 202 1947 jus
222 1881 423 1931 custodia
449 1879 592 1925 noffis
612 1877 704 1939 ejus
725 1877 872 1924 fuerat
887 1914 901 1935 ,
922 1877 1031 1938 juffu
1048 1879 1093 1923 P.
1113 1878 1275 1924 Licinii
1293 1894 1413 1940 pon-

135 1954 283 2002 tificis.
304 1955 351 2000 Id
369 1968 646 2015 quanquam,
668 1950 779 1995 nihil
799 1949 1169 2012 portendentibus
1189 1950 1323 2008 Deis,
1341 1968 1415 1997 ce-

136 2038 282 2073 terum
304 2024 569 2087 negligentia
587 2025 781 2070 humana
807 2022 1056 2080 acciderat,
1087 2034 1234 2068 tamen
1257 2025 1305 2070 &
1326 2025 1413 2070 bo·-

136 2098 230 2145 fiiis
268 2095 510 2156 majoribus
548 2092 812 2158 procurari,
856 2098 905 2143 ὃ(
947 2094 1319 2158 supplicationem
1359 2096 1414 2142 ad

136 2168 284 2215 Vestae
318 2168 467 2214 haberi
505 2169 684 2230 placuit.
727 2168 985 2231 Priusquam
1022 2165 1415 2229 proficiscerentur

137 2239 342 2289 consules
367 2239 421 2285 ad
454 2240 618 2286 bellum
637 2274 650 2295 ,
678 2240 840 2286 moniti
862 2240 916 2286 ab
952 2239 1103 2284 senatu
1138 2238 1236 2284 sunt
1254 2271 1267 2294 ‚
1300 2258 1344 2285 m
1368 2243 1413 2285 in

138 2333 262 2377 agros
287 2317 516 2360 reducendae
524 2317 659 2375 plebis
677 2333 815 2360 curam
835 2318 1036 2360 haberem.
1058 2314 1202 2358 Dezim
1221 2316 1418 2374 benigni-

140 2404 222 2433 tate
266 2389 474 2432 abmotum
500 2389 647 2432 bellum
678 2391 731 2432 ab
754 2390 846 2433 urbe
876 2390 1074 2432 Romana
1105 2383 1148 2430 δ’
1166 2388 1287 2430 Latio
1316 2385 1416 2448 effa,

143 2459 187 2506 ἃ
210 2459 322 2524 poffi
340 2460 436 2525 stne
463 2476 570 2506 metu
605 2463 650 2506 in
675 2464 785 2523 agris
819 2463 1017 2507 habitari.
1060 2462 1238 2504 Minime
1269 2476 1415 2505 conre-³

1099 2529 1196 2576 Β).
