1592 2724
134 153 198 203 54
507 134 1068 181 T1T1L1V11

141 241 320 290 infidias
340 241 476 290 texit:
493 258 579 301 nec·
592 241 680 289 ulla
693 257 827 289 mora
847 257 1009 303 pugnae
1025 238 1133 287 fana
1152 239 1227 287 est.
1247 238 1432 303 Hispani

137 316 185 363 in
227 315 459 379 conspecta
496 315 658 378 procul
694 332 887 378 pecora,
925 314 1085 361 velites
1119 316 1165 360 in
1208 316 1432 378 Hispanos

139 390 288 453 praeda
314 400 563 450 occupatos
590 387 834 434 incurrere.
861 386 1013 433 Primo
1043 387 1276 434 miffilibus
1295 387 1436 434 terri--

140 476 326 511 tavere:
351 464 537 519 deinde,
568 462 729 513 emiffis
756 462 936 510 levibus
968 462 1095 521 telis,
1127 479 1227 524 quae
1260 462 1433 509 irritare

140 533 280 595 magis
297 573 309 592 ‚
331 553 464 596 quam
483 536 722 582 decernere
737 570 751 593 ‚
773 550 970 598 pugnam
1000 546 1240 596 poterant,
1262 534 1437 597 gladios

140 609 338 665 nudant,
360 610 408 655 &
430 607 600 654 collato
623 607 737 669 pede
756 623 826 653 res
846 619 996 669 coepta
1021 607 1115 670 geri
1136 605 1195 652 est
1215 625 1225 653 ε
1245 621 1434 668 anceps-

142 697 231 743 que
260 679 459 743 pedestre
495 690 720 726 certamen
754 691 877 736 erat,
906 678 985 725 nisi
1018 679 1190 741 equites
1221 678 1439 740 superve-

143 754 319 801 niffent.
348 771 496 816 neque
533 770 588 801 ex
617 753 806 801 adverso
833 766 1005 800 tantum
1027 753 1138 800 illati
1157 753 1327 800 obvios
1355 753 1440 798 ob-

145 828 344 884 trivere,
369 826 443 873 sed
475 824 768 874 circutnveffi
801 825 933 873 etiam
965 826 1145 889 quidam
1179 843 1259 889 per
1288 824 1442 871 infima

144 901 256 948 clivi
285 901 340 946 ab
365 914 490 962 tergo
519 899 588 958 se,
609 912 658 945 ut
681 898 921 961 plerosque
948 897 1326 954 intercluderent,
1353 897 1441 943 ob-

144 975 363 1039 jecerunt.
388 974 624 1036 majorque
643 972 784 1020 caedes
806 972 913 1028 fuit,
930 989 1066 1035 quam
1081 985 1291 1036 quantam
1309 971 1441 1018 edere

145 1048 265 1096 levia
288 1066 366 1111 per
397 1047 683 1094 excursiones
714 1046 876 1110 proelia
906 1046 1064 1094 solent.
1096 1049 1163 1093 Ira
1196 1045 1334 1109 magis
1364 1062 1441 1092 ac·-

150 1120 278 1167 censa
307 1118 498 1165 adverso
525 1117 696 1180 proelio
725 1117 924 1163 barbaris
946 1116 1035 1175 est,
1055 1133 1190 1180 quam
1217 1113 1444 1162 imminuti

148 1193 303 1241 animi.
335 1192 509 1254 itaque,
536 1206 592 1236 ne
625 1190 812 1252 perculsi
846 1189 1132 1246 viderentur,
1165 1189 1309 1251 prima
1342 1188 1444 1235 luce

146 1263 334 1327 postero
356 1263 424 1309 die
444 1262 492 1307 in
518 1261 657 1308 acic-m
686 1262 950 1324 processere.
977 1264 1088 1310 Non
1118 1261 1320 1324 capiebat
1338 1278 1444 1308 om-

149 1354 229 1385 nes
263 1337 418 1399 copias
453 1335 660 1398 angusta,
694 1335 804 1383 ficut
839 1350 940 1383 ante
973 1337 1136 1383 dictum
1166 1335 1256 1393 est,
1285 1334 1445 1388 vaHisg

149 1411 250 1456 duae
271 1410 409 1456 ferme
425 1409 625 1472 peditum
646 1421 815 1470 partes,
831 1409 980 1456 omnis
999 1409 1222 1472 equitatus
1239 1408 1285 1454 in
1302 1407 1446 1454 aciem

151 1485 395 1531 descendit.
447 1483 572 1546 quod
607 1482 831 1545 reliquum
867 1482 1068 1545 peditum
1095 1493 1216 1539 erat,
1250 1481 1444 1543 obliquo

150 1555 487 1603 constituerunt
520 1554 652 1601 colle.
681 1553 866 1616 Scipio,
887 1570 972 1616 pro
1004 1553 1046 1598 se
1077 1553 1160 1599 effe
1187 1551 1280 1598 loci
1305 1568 1444 1615 angu-

155 1629 256 1674 ssias
276 1640 423 1685 ratus,
440 1628 490 1674 &
516 1627 642 1689 quod
658 1627 703 1672 in
723 1627 845 1672 arcto
870 1643 1017 1688 pugna
1032 1626 1247 1671 Romano
1270 1622 1447 1687 aptior,

153 1717 289 1763 quam
309 1699 508 1761 Hispano
533 1698 689 1756 militi,
720 1698 872 1745 futura
894 1697 1154 1754 videbatur,
1175 1699 1224 1744 &
1244 1697 1369 1760 quod
1397 1697 1445 1743 in

151 1789 254 1820 eum
289 1771 444 1819 locum
477 1771 668 1817 detracta
705 1770 902 1817 hostium
937 1771 1054 1818 acies
1083 1770 1216 1828 esset,
1237 1770 1315 1833 qui
1347 1786 1444 1817 non

152 1862 335 1892 omnem
367 1844 697 1892 multitudinem
729 1860 886 1890 eorum
918 1854 1124 1907 caperet,
1145 1860 1277 1891 novo
1310 1843 1446 1890 etiam

154 1920 347 1968 confilio
367 1918 528 1980 adjecit
547 1918 745 1965 animum
765 1937 775 1965 :
796 1919 995 1983 equitem
1017 1935 1101 1965 nec
1131 1917 1173 1964 se
1204 1918 1327 1980 poffe
1357 1917 1446 1964 cir-'

155 1992 365 2041 cumdare
388 1991 604 2038 cornibus
632 1990 678 2036 in
702 2003 791 2037 tam
819 1991 1005 2055 angusto
1036 1989 1206 2053 spati03
1229 1992 1276 2038 &
1297 1989 1413 2037 hosti
1428 2025 1446 2049 ‚

154 2083 290 2129 quem
322 2081 427 2112 cum
460 2063 608 2124 pedite
638 2063 880 2121 eduxisset,
909 2062 1113 2109 inutilem
1144 2061 1257 2110 fore.
1288 2065 1444 2126 Itaque

154 2136 345 2200 imperat
364 2136 504 2183 Laelio
518 2171 533 2193 ,
553 2146 602 2182 ut
622 2152 701 2198 per
718 2135 858 2182 colles
881 2153 1014 2198 quam
1034 2135 1341 2183 occultiffimo
1359 2135 1442 2181 -iti-

155 2228 263 2258 nere
297 2210 602 2259 circumducat
637 2208 839 2272 equites,
882 2208 1192 2273 segregetque,
1226 2219 1445 2271 quantum

156 2283 318 2346 postis,
356 2281 602 2345 equestrem
638 2299 662 2328 a
697 2281 886 2344 pedestri
918 2298 1127 2346 pugnam.
1162 2280 1253 2343 lpse
1290 2280 1445 2328 omnia

155 2355 288 2419 {igna⁴
315 2355 516 2419 peditum
545 2355 592 2401 in
621 2356 770 2404 hostes
807 2356 945 2404 vertit
967 2374 978 2403 ε
1000 2367 1197 2419 quatuor
1228 2353 1445 2400 cohortes

154 2426 206 2476 in
242 2427 394 2478 fronte
425 2427 572 2478 statuit
589 2463 606 2489 2
644 2429 748 2495 quia
780 2428 912 2478 latius
942 2428 1136 2494 pandere
1170 2425 1311 2477 aciem
1343 2441 1442 2475 non
