1592 2724
348 174 895 222 HISTORIARUM
935 176 1062 223 LIB.
1099 177 1256 225 XXX.
1352 194 1434 244 155

152 280 305 345 paucis
332 281 504 343 proelio
535 281 750 340 accenso,
773 297 953 327 emnem
975 282 1190 345 utrinque
1209 282 1438 345 postremo

151 353 400 417 equitatum
424 354 678 401 certaminis
702 353 897 400 studium
918 354 1087 401 effudit.
1126 372 1176 401 ac
1191 392 1204 413 ‚
1228 357 1334 402 dum
1354 357 1438 404 sm-

152 443 305 488 cetjum
338 428 537 491 equestre
566 426 781 490 proelium
817 440 935 483 erat,
957 426 1203 474 multitudo
1222 429 1437 492 Masaesy-

149 497 299 544 lorum
316 533 330 554 ‚
359 499 557 562 ingentia
588 498 765 562 agmina
787 498 998 561 Syphace
1026 498 1255 545 emittente
1271 536 1286 556 ‚
1309 500 1438 547 susti-

150 573 247 619 neri
281 572 360 619 vix
389 584 589 636 poterat:
628 570 818 629 deinde,
855 583 906 618 ut
933 571 1067 634 pedes
1101 572 1335 619 Romanus
1363 590 1440 620 re·

150 644 341 706 pentino
362 661 441 707 per
460 657 625 691 turmas
653 643 748 690 suas
769 643 888 691 viam
910 645 1063 692 dantes
1084 645 1330 692 intercursu
1351 646 1439 694 sta-

150 716 286 764 bilem
313 717 456 764 aciem
475 717 583 765 fecit
603 753 617 775 ‚
651 716 974 780 absterruitque
993 717 1127 764 effuse
1147 718 1437 767 invehentem

150 787 238 836 sese
281 788 452 836 hostem
476 826 491 846 ‚
543 789 693 851 primo
738 789 918 836 barbari
964 789 1137 853 segnius
1180 791 1439 854 permittere

149 876 319 924 equos;
351 862 513 909 deinde
534 862 645 911 stare
676 879 727 910 ac
755 878 899 926 prope
926 863 1095 909 turbari
1119 879 1251 910 novo
1273 880 1437 927 genere

149 950 346 997 pugnae3
375 935 633 999 postremo,
666 953 763 983 non
797 936 936 999 pediti
967 936 1110 982 solum
1145 936 1333 995 cedere,
1363 936 1438 983 sed

149 1025 207 1055 ne
237 1009 434 1068 equitem
470 1010 652 1073 quidem
675 1009 883 1057 sustinere
902 1046 916 1067 ‚
946 1009 1105 1073 peditis
1131 1010 1334 1072 praesidio
1356 1028 1442 1058 au-

150 1079 345 1128 dentem.
374 1084 466 1128 Jam
492 1082 610 1146 signa
631 1099 816 1146 quoque
837 1082 1071 1146 legionum
1097 1082 1437 1145 appropinqua-

150 1150 273 1199 bant.
309 1165 401 1199 tum
431 1171 544 1200 vero
578 1154 800 1218 Masaesyli
830 1171 926 1201 non
953 1154 1096 1200 modo
1128 1154 1323 1216 primum
1350 1154 1437 1201 im-

148 1237 301 1285 petum
322 1259 336 1282 ‚
371 1225 444 1271 sed
474 1243 529 1271 ne
567 1226 855 1288 conspeetum
885 1225 1066 1289 quidem
1101 1225 1331 1288 signorum
1365 1238 1436 1272 at-

147 1312 238 1358 que
255 1314 487 1344 armorum
501 1335 515 1355 ‚
534 1299 757 1352 tulerunt:
780 1311 950 1345 tantum
971 1298 1045 1346 seu
1066 1298 1285 1345 memoria
1304 1298 1435 1362 prio-

148 1387 248 1417 rum
277 1372 498 1430 cladhrm,
530 1373 604 1421 seu
634 1373 823 1437 praesens
850 1386 998 1419 terror
1018 1374 1178 1422 valuit.

214 1444 312 1490 X11.
349 1443 414 1493 Ibi
445 1443 630 1508 Syphax
651 1481 665 1503 ‚
706 1446 811 1491 dum
847 1444 1082 1507 obequitat
1112 1444 1305 1492 hostium
1337 1458 1436 1493 tur-

147 1514 262 1571 mis,
288 1515 319 1562 {i
353 1517 555 1579 pudore,
585 1518 614 1563 fi
642 1517 847 1580 periculo
873 1517 955 1563 suo
983 1515 1133 1581 fugam
1162 1517 1307 1566 sistere
1333 1516 1436 1581 pos-

148 1587 238 1647 set,
271 1607 391 1654 equo
424 1593 616 1655 graviter
650 1593 774 1651 ino,
807 1589 968 1638 effusus
1002 1591 1278 1654 opprimitur
1311 1592 1436 1655 capi-—

150 1672 310 1722 turque
332 1698 346 1719 ‚
384 1664 434 1709 ὅ(
471 1663 640 1722 vitus,
679 1663 829 1708 laetum
864 1675 967 1709 ante
1005 1679 1163 1710 omnes
1200 1663 1435 1712 Masiniffae

150 1733 416 1795 praebiturus
460 1735 792 1798 speetacu'umn,
831 1735 886 1782 ad
921 1735 1106 1782 Laelium
1149 1735 1437 1798 pertrahitur.

151 1805 280 1854 Cirta
307 1820 442 1870 caput
470 1809 595 1871 regni
630 1808 846 1871 Cyphacis
877 1821 994 1855 erat:
1024 1824 1079 1854 eo
1108 1807 1150 1854 se
1170 1809 1328 1872 ingens
1350 1808 1436 1854 ho-

150 1878 323 1926 minum
361 1884 556 1928 cont-„Iit
583 1883 668 1929 vis.
704 1882 859 1928 Caedes
888 1882 935 1927 in
967 1898 1023 1927 eo
1057 1881 1226 1942 proelio
1255 1882 1433 1939 minor,

152 1968 288 2015 quam
322 1954 511 2002 vietor&
533 1991 545 2012 ‚
586 1954 703 2012 fuit,
742 1953 846 2016 quia
888 1952 1077 2017 equestri
1114 1953 1434 1999 tantummodo

150 2026 323 2087 proelio
359 2040 576 2075 certatum
618 2028 777 2074 fuerat.
810 2044 906 2074 non
934 2029 1033 2091 plus
1061 2028 1262 2092 quinque
1295 2029 1434 2074 millia

150 2099 324 2159 occisa,
346 2101 492 2148 minus
522 2102 754 2148 dimidium
775 2100 867 2163 ejus
886 2102 1123 2148 hominum
1143 2116 1324 2165 captum
1342 2102 1433 2157 est,

152 2170 324 2233 impetu
348 2172 393 2218 in
431 2173 568 2220 castra
602 2174 748 2231 fafio,
783 2192 876 2237 quo
909 2175 1105 2238 perculsa
1142 2192 1243 2239 rege
1275 2175 1432 2221 amisso

151 2244 395 2291 multitudo
419 2246 459 2292 se
478 2248 747 2293 contulerat.
780 2249 1020 2306 Masmiffa,
1046 2253 1142 2296 Sibi
1158 2253 1320 2311 quidem
1335 2284 1347 2304 ,
1366 2248 1434 2293 di-

150 2333 281 2376 cere,
318 2321 430 2364 nilzil
458 2318 527 2381 ff
554 2323 599 2366 in
627 2322 844 2380 praesentia
871 2326 1112 2384 pulchrius,
1143 2341 1265 2383 quam
1300 2320 1433 2366 νίἑῖο-

151 2408 232 2434 rem
251 2425 266 2448 ‚
295 2409 565 2451 recuperatum
597 2410 715 2438 tanto
743 2395 836 2460 post
865 2397 1082 2442 intervallo
1098 2429 1112 2452 ‚
1138 2396 1326 2453 patrium
1357 2394 1434 2438 in·
1464 2411 1468 2414 ’

148 2463 270 2523 vifire
297 2482 459 2527 regnum
479 2483 495 2512 .·
517 2467 598 2526 sed
622 2481 707 2512 tam
726 2468 955 2528 secundis,
980 2485 1106 2529 quam
1133 2466 1341 2532 advesfis‚
1370 2485 1431 2513 re·
