1592 2724
194 135 286 185 250
551 122 1108 170 T1T1L1V11

192 228 424 292 paratique
452 228 498 276 in
523 229 737 293 dispersos
770 232 820 278 δε
846 230 1009 278 effusos
1034 243 1296 295 pugnantes.
1330 231 1475 294 Quod

192 303 224 348 fi
251 304 439 350 modum
465 304 512 350 in
531 304 807 366 insequendo
838 305 1088 352 habuissent
1106 341 1120 363 ,
1153 322 1247 354 non
1281 306 1328 352 in
1354 324 1472 369 prae-

193 375 325 422 sentis
358 376 499 422 modo
533 378 789 424 certaminis
821 377 1011 441 gloriam
1032 414 1046 436 ,
1083 377 1155 424 sed
1185 378 1230 425 in
1260 378 1474 427 summam

192 451 327 497 etiam
356 451 461 498 belli
492 452 742 514 profectum
763 453 905 500 foret:
940 469 1087 509 nunc,
1107 451 1325 500 aviditate
1340 453 1474 501 caedis

190 523 560 587 intemperantius
588 526 806 583 insecuti,
835 527 882 571 in
915 526 1167 589 praegreffas
1197 541 1300 572 cum
1334 526 1474 571 tribu-

192 597 261 644 nis
281 599 474 645 militum
496 600 708 646 cohortes
730 600 954 646 Romanas
976 599 1172 646 incidere
1192 616 1202 644 :
1225 600 1274 646 &
1301 597 1475 661 fugiens

192 688 355 732 eques,
385 683 434 717 ut
460 672 608 733 primo
643 672 761 734 figna
787 671 970 718 suorum
999 672 1143 730 vidit,
1170 670 1400 720 convertit
1426 670 1474 717 in

191 743 374 790 effusum
397 744 568 790 hostem
598 761 762 808 equos:
791 744 1009 808 versaque
1038 757 1273 792 momento
1292 756 1473 806 tempo-

192 815 254 861 ris
283 815 466 863 fortuna
499 834 659 881 pugnae
683 817 774 877 est,
802 834 923 881 terga
956 817 1190 875 dantibus,
1226 817 1306 882 qui
1332 816 1474 862 modo

195 888 334 935 secuti
364 903 503 938 erant.
547 890 682 937 Multi
715 890 922 938 cominus
956 890 1172 954 congreffi
1192 926 1207 947 ‚
1239 889 1368 936 multi
1404 888 1474 935 fu-

193 963 364 1026 gientes
396 963 631 1011 interfeffi.
687 981 769 1012 nec
804 963 924 1011 ferro
963 977 1135 1010 tantum
1170 962 1371 1025 periere,
1402 961 1474 1008 sed

192 1035 239 1082 in
273 1037 453 1098 paludes
487 1038 669 1100 quidam
705 1037 923 1099 conjecti,
961 1036 1192 1100 profundo
1229 1035 1339 1082 limo
1372 1051 1474 1081 cum

194 1110 296 1173 ipsis
317 1111 439 1173 equis
460 1111 601 1157 hausti
623 1111 734 1158 sunt.
763 1113 861 1158 Rex
880 1128 1063 1175 quoque
1085 1110 1131 1157 in
1151 1109 1351 1173 periculo
1371 1108 1476 1155 fuit:

196 1202 296 1232 nam
316 1221 328 1242 ‚
358 1196 514 1231 ruente
545 1186 690 1232 saucio
719 1202 838 1247 equo
861 1221 874 1244 ,
901 1201 1098 1248 praeceps
1127 1184 1182 1230 ad
1209 1195 1373 1230 terram
1400 1181 1478 1227 da-⁴

197 1273 294 1317 tus,
326 1258 442 1304 haud
470 1259 660 1305 multum
687 1258 853 1314 abfuit,
881 1259 990 1322 quin
1018 1258 1167 1319 jacens
1195 1256 1477 1319 opprimere-

197 1342 284 1378 tur.
317 1330 457 1377 Saluti
490 1330 576 1377 fuit
600 1348 761 1394 eques,
788 1331 866 1395 qui
886 1331 1045 1394 raptim
1067 1330 1156 1393 ipse
1177 1328 1375 1386 desiluit,
1401 1344 1476 1389 pa-

196 1404 443 1468 vidumque
471 1421 618 1468 regern
640 1405 685 1451 in
708 1421 871 1467 equum
898 1403 1098 1464 subjecit.
1130 1402 1221 1467 Ipse
1236 1439 1250 1461 ‚
1271 1419 1373 1450 cum
1395 1417 1477 1463 pe-

197 1476 272 1522 des
298 1493 468 1540 aequare
499 1478 626 1524 cursu
659 1476 878 1540 fugientes
913 1492 1008 1522 non
1030 1475 1173 1538 poffet
1198 1473 1397 1537 equites,
1421 1472 1478 1519 ab

196 1549 396 1596 hostibus
424 1549 477 1596 ad
507 1549 652 1596 casum
672 1548 785 1613 regis
807 1548 1045 1596 concitatis
1072 1547 1300 1596 confossus
1329 1545 1478 1608 periit.

198 1622 322 1679 Rex,
355 1621 682 1669 circumvefflus
716 1621 897 1684 paludes
924 1620 1100 1682 pervias
1124 1617 1359 1681 inviasque
1388 1628 1481 1664 tre·-

198 1694 301 1756 pida
325 1694 449 1757 fuga,
474 1693 519 1740 in
541 1693 678 1741 castra
696 1693 875 1740 tandem
890 1729 904 1750 ‚
922 1691 1009 1753 jam
1029 1691 1360 1754 desperantibus
1379 1690 1477 1753 ple-

198 1765 343 1829 risque
380 1765 656 1812 incolumem
696 1763 964 1822 evasurum,
1005 1762 1228 1827 pervenit.
1275 1759 1478 1810 Ducenti

198 1844 502 1890 Macedonum
522 1844 693 1906 equites
712 1859 768 1890 eo
791 1841 959 1904 proelio
980 1841 1164 1904 periere.
1195 1850 1375 1886 centum
1392 1836 1478 1882 fer·

198 1931 268 1960 me
298 1916 444 1978 capti3
473 1915 701 1979 octoginta
724 1914 977 1979 admodum
997 1912 1146 1961 ornati
1165 1910 1299 1976 equi,
1324 1909 1479 1974 spoliis

199 1987 325 2033 simul
360 2004 586 2033 armorum
620 1986 796 2041 relatis,
833 1986 1022 2033 abduffi.

264 2060 526 2106 XXXVIII.
556 2063 779 2117 Fuerunt,
807 2059 887 2122 qui
918 2061 1008 2106 hoc
1035 2059 1106 2106 die
1132 2074 1279 2123 regern
1295 2054 1479 2103 temeri-

199 2131 298 2178 tatis
318 2167 331 2187 ‚
352 2130 580 2178 consulem
600 2130 794 2193 segnitiae
814 2131 1082 2178 accusarent.
1118 2147 1221 2176 nam
1244 2131 1292 2177 &
1309 2128 1478 2190 Philip-

200 2222 262 2267 po
294 2204 607 2267 quiescendum
629 2204 752 2250 tuisse
771 2241 784 2262 ‚
815 2222 917 2252 cum
949 2205 1101 2267 paucis
1130 2203 1283 2250 diebus
1306 2201 1478 2258 hostes,

201 2277 416 2324 exhausto
442 2277 561 2325 circa
579 2277 704 2323 omni
722 2294 827 2340 agro
840 2313 856 2334 ,
875 2278 932 2324 ad
948 2277 1154 2324 ultimum
1177 2274 1344 2337 inopiae
1363 2289 1477 2319 ven-

202 2362 328 2397 turos
347 2349 499 2397 sciret:
536 2350 586 2396 &
609 2348 861 2406 consulem,
893 2366 997 2396 cum
1016 2348 1261 2412 equitatum
1284 2344 1478 2391 hostium

204 2422 440 2487 levemque
478 2433 750 2470 armaturam
789 2421 1000 2480 fudisset,
1046 2438 1099 2470 ac
1143 2435 1286 2485 prope
1330 2424 1480 2482 regen}
