1592 2724
337 186 886 237 HisToRmRUM
929 184 1055 232 ΜΒ.
1089 182 1246 231 XXX.
1337 179 1428 244 167

141 297 247 347 inde
266 300 315 346 δέ
335 297 502 345 tribuni
533 295 727 343 militum
749 293 840 339 duo
855 329 868 347 ‚
892 293 956 338 M.
982 290 1266 347 Cosconius,
1286 290 1335 336 &
1359 289 1429 336 M,

142 373 362 421 Maenius:
386 373 528 420 tertiae
556 370 740 418 decimae
769 382 953 431 quoque
975 364 1192 428 legionis,
1219 380 1318 426 quae
1338 380 1428 425 po-

143 446 308 494 stremo
331 446 497 509 proelio
523 445 732 500 affuerat,
753 442 839 488 Cn.
861 438 1052 486 Helvius
1076 436 1282 483 tribunus
1307 435 1429 482 mili-

142 532 241 566 tum
268 520 315 571 in
341 518 608 567 restituenda
629 532 777 580 pugna
798 512 990 569 cecidit,
1011 513 1061 559 &
1080 511 1174 558 duo
1195 511 1245 558 &
1262 509 1429 572 viginti

144 590 284 638 ferme
312 591 482 654 equites
509 589 729 647 illustres,
755 585 914 633 obtriti
945 584 999 631 ab
1029 582 1300 647 elephantis,
1325 598 1432 628 cum

145 663 488 711 centurionibus
522 661 698 726 aliquot
730 659 996 723 perierunt:
1029 659 1079 706 δε
1113 657 1292 721 longius
1330 672 1430 703 cer-

144 747 295 783 tamen
329 735 506 794 fuiffet,
537 734 585 781 ni
617 733 806 782 vulnere
841 731 966 780 ducis
1000 729 1205 779 conceffa
1236 727 1431 777 vi&ori3

143 807 263 855 effer.

210 881 338 929 XIX.
368 883 528 946 Mago,
551 880 776 945 proximae
799 877 944 927 noffis
976 875 1151 924 filentio
1171 873 1398 940 profecius
1414 905 1435 929 ,

146 968 368 1017 quantum
404 956 496 1019 pati
532 956 620 1005 viae
656 972 736 1018 per
766 954 933 1002 vulnus
962 962 1169 1015 poterat,
1196 948 1435 995 itineribus

149 1027 340 1074 extentis
356 1063 369 1086 ,
391 1027 444 1073 ad
462 1043 583 1074 mare
604 1026 650 1072 in
670 1027 852 1089 Ligures
874 1028 1098 1089 Ingaunos
1120 1023 1341 1087 pervenit.
1367 1021 1434 1068 ibi

148 1116 250 1146 eum
272 1099 404 1163 legati
427 1101 483 1146 ab
504 1100 801 1163 Carthagine,
827 1099 981 1162 paucis
1005 1110 1107 1144 ante
1129 1097 1282 1144 diebus
1307 1095 1352 1141 in
1375 1094 1434 1141 fi·-

150 1188 256 1219 num
276 1173 502 1219 Gallicum
517 1172 707 1235 appullis
726 1173 940 1228 navibus,
956 1171 1162 1218 adierunt
1175 1207 1188 1227 ‚
1204 1169 1433 1230 jubentes,

149 1247 297 1308 primo
327 1262 512 1310 quoque
543 1258 750 1308 tempore
775 1245 822 1290 in
854 1244 1050 1292 Africam
1074 1242 1292 1303 trajicere.
1325 1246 1433 1288 idem

150 1319 193 1366 δ’
212 1320 387 1379 fratrem
405 1321 496 1375 ejus
517 1322 803 1366 Hannibalem
838 1320 968 1379 (nam
992 1321 1051 1363 ad
1075 1336 1163 1363 eum
1193 1336 1345 1378 quoque
1363 1314 1439 1380 iffi:

151 1397 307 1454 legatos
327 1396 465 1439 eadem
481 1393 699 1453 jubentes)
719 1393 945 1451 fac‘thrum.
975 1393 1078 1435 Non
1101 1394 1146 1435 in
1166 1409 1210 1435 co
1234 1388 1308 1453 effi
1329 1391 1438 1433 Car<

151 1467 469 1533 thasqinienfium
496 1485 581 1524 res,
600 1484 647 1512 ut
667 1468 859 1512 Galliam
879 1481 996 1524 atque
1020 1464 1194 1509 ltaliam
1211 1465 1342 1508 armis
1360 1464 1436 1507 ob-

151 1542 325 1584 tineant.
358 1539 496 1600 Mago
515 1573 529 1596 ‚
552 1554 648 1584 non
678 1537 869 1600 imperio
893 1537 1034 1583 modo
1066 1535 1237 1582 senatus
1258 1533 1440 1597 pericu-

152 1611 290 1675 loque
318 1612 473 1674 patriae
502 1628 679 1669 motus,
710 1612 782 1659 sed
805 1624 1009 1658 metuens
1037 1610 1191 1667 etiam,
1212 1626 1266 1656 ne
1286 1608 1442 1655 viflor

153 1686 293 1732 hostis
327 1685 525 1733 moranti
556 1685 759 1744 instaret,
795 1682 1065 1747 Liguresque
1101 1680 1211 1744 ipfi,
1242 1679 1448 1744 relinqui*

156 1760 325 1807 ltaliam
347 1778 371 1807 a
391 1759 543 1807 Poenis
565 1772 823 1815 cernentes,
841 1759 895 1804 acl
914 1773 992 1805 eos
1006 1792 1019 1812 ,
1041 1772 1235 1819 quorum
1257 1771 1367 1802 mox
1389 1754 1441 1801 in

155 1832 373 1896 potestate
393 1831 531 1879 futuri
552 1832 714 1889 effent‚
736 1831 1004 1887 deficerent,
1025 1829 1154 1876 fimul
1174 1828 1349 1891 sperans
1372 1827 1443 1874 Ie-

158 1905 333 1951 niorem
365 1905 412 1951 in
442 1904 757 1969 navigatione,
783 1921 917 1967 quam
948 1903 995 1949 in
1026 1902 1126 1961 via,
1157 1901 1446 1964 ja&ationem

157 1978 357 2026 vulneris
371 1978 494 2037 fore,
509 1981 559 2027 &
578 1978 803 2027 curationi
822 1977 978 2026 omnia
996 1976 1309 2025 commodiora
1325 2010 1338 2034 ‚
1355 1974 1445 2021 im·-

159 2051 315 2115 pofitis
342 2051 486 2114 copiis
515 2052 562 2098 in
589 2069 728 2099 naves
757 2051 1003 2115 profe&u5‚
1024 2049 1215 2097 vixdum
1243 2047 1448 2111 superata

158 2125 385 2183 Sardinia,
398 2141 454 2172 ex
475 2125 662 2172 vulnere
679 2125 896 2172 moritur:
912 2141 1048 2172 naves
1065 2141 1250 2188 quoque
1271 2123 1449 2187 aliquot

160 2198 412 2244 Poenorum
452 2196 642 2258 disici'sae
667 2197 714 2244 in
743 2198 836 2245 alto
866 2216 891 2245 a
926 2197 1053 2246 claffe
1083 2199 1315 2255 Romana,
1345 2213 1454 2260 quaa

162 2270 282 2318 circa
300 2269 546 2317 Sardiniam
563 2281 683 2329 erat,
702 2270 950 2332 capiuntur.
979 2271 1092 2317 Haec
1107 2280 1223 2316 terra
1244 2268 1450 2330 marique

165 2345 214 2391 in
247 2355 372 2405 parte
402 2342 559 2401 Italiae,
578 2359 679 2405 quae
707 2341 821 2403 jacet
848 2341 906 2388 ad
932 2341 1093 2404 Alpes,
1114 2339 1244 2405 gesta.
1271 2337 1451 2385 Consu}

167 2414 223 2461 C.
241 2412 453 2461 Servilius
465 2448 479 2471 ‚
492 2411 614 2458 nulla
629 2410 914 2459 memorabili
933 2427 980 2458 re
997 2410 1046 2458 in
1061 2407 1299 2473 provincia
1315 2409 1449 2454 Etru·

165 2485 232 2539 ria
269 2489 319 2538 &
352 2485 501 2536 Gallia
538 2483 794 2550 (quoniam
826 2501 884 2535 eo
920 2500 1107 2550 quoque
1139 2478 1450 2545 procefferat)
