1592 2724
190 174 275 216 ¹42
548 153 1106 205 TITILIVII

177 259 462 325 provinciam
482 259 687 307 obtinere
708 278 810 308 cum
834 261 1089 326 legionibus
1110 263 1187 321 iis,
1216 279 1324 327 quas
1349 280 1462 327 prae-

177 347 252 383 tor
293 337 341 382 L.
374 334 635 382 Scribonius
676 334 828 397 priore
865 352 987 382 anno
1026 336 1257 384 habuiffet.
1302 338 1460 386 Sortiti

177 407 337 454 deinde
370 406 656 470 provincias:
685 408 895 471 Caepioni
926 409 1117 467 Bruttii,
1141 408 1335 457 Servilio
1365 412 1460 456 Ge-

179 482 307 528 mino
327 481 501 528 Etruria
525 482 695 529 evenit.
725 485 844 530 Tum
871 494 1116 546 praetorum
1140 482 1395 546 provinciae
1412 483 1461 530 in

175 555 341 602 sortem
387 554 617 615 conjeElae.
667 555 1024 604 Jurisdiffionem
1061 558 1280 603 urbanam
1315 558 1460 603 Paetus

177 629 344 687 AElius‚
375 629 619 676 Sardiniam
640 629 687 677 P.
714 631 954 686 Lentulus,
979 631 1174 677 Siciliam
1203 632 1250 676 P.
1274 629 1460 688 Villius,

176 703 428 750 Ariminum
458 721 561 750 cum
600 703 771 751 duabus
808 704 1060 768 legionibus
1097 704 1206 769 (sub
1242 701 1457 750 Lucretio

175 776 337 837 Spurio
367 793 430 821 eae
464 775 667 841 fuerant)
704 777 978 837 Quinffilius
1002 781 1148 824 Varus
1177 778 1238 824 est
1258 777 1456 824 sortituS.

173 850 230 894 Et
247 848 458 895 Lucretio
479 861 770 912 prorogatum
790 848 1053 911 imperium,
1072 862 1121 895 ut
1139 849 1348 895 Genuam
1367 865 1457 910 op-

170 921 325 985 pidum
363 939 390 969 a
427 923 621 985 Magone
654 923 801 969 Poeno
829 922 1024 968 dirutum
1060 921 1372 969 exaedificaret.
1406 921 1454 968 P.

169 992 399 1056 Scipioni,
420 1010 515 1040 non
529 994 746 1056 temporis
758 1030 773 1051 ,
790 992 862 1040 sed
879 993 943 1040 rei
958 994 1163 1059 gerendae
1180 992 1291 1052 fine,
1306 995 1455 1039 donec

137 1080 138 1083 ’
170 1064 444 1112 debellatum
469 1064 516 1111 in
537 1064 688 1112 Africa
710 1064 857 1123 foret,
892 1077 1187 1130 prorogatum
1211 1064 1452 1128 imperinm

170 1138 259 1192 est:
295 1137 615 1202 decretumque
633 1174 648 1197 ‚
686 1150 736 1186 ut
765 1137 1032 1202 supplicatio
1060 1137 1186 1185 fieret
1207 1173 1221 1196 ‚
1257 1138 1383 1201 quod
1415 1138 1453 1184 is

168 1212 217 1260 in
249 1211 450 1259 Africam
475 1211 764 1274 provinciam
792 1210 1053 1272 trajecisset,
1084 1224 1131 1258 ut
1158 1227 1209 1257 ea
1240 1226 1308 1256 res
1339 1209 1452 1256 salu-

167 1284 271 1333 taris
294 1283 470 1348 populo
497 1284 710 1330 Romano
733 1283 901 1348 ipsique
930 1283 1035 1331 (luci
1063 1296 1197 1349 atque
1231 1282 1449 1332 exercitui

164 1358 284 1406 effet.

229 1436 281 1481 11.
314 1435 364 1480 In
392 1431 588 1480 Siciliam
620 1432 705 1480 tria
739 1432 877 1480 millia
911 1432 1105 1480 militum
1136 1433 1237 1481 sunt
1270 1432 1448 1495 scripta.

163 1511 248 1569 &,
283 1508 422 1573 quia,
457 1508 582 1573 quod
615 1509 794 1555 roboris
831 1526 879 1556 ea
912 1509 1153 1572 provincia
1195 1509 1408 1556 habuerat
1428 1543 1444 1566 ,

160 1582 209 1632 i'n
240 1582 436 1631 Africam
466 1584 760 1632 transveflum
796 1583 971 1643 fuerat,
1004 1601 1061 1630 ne
1093 1601 1178 1646 qua
1211 1583 1351 1631 elaffis
1386 1600 1444 1629 ex

162 1657 318 1705 Africa
356 1657 604 1719 trajiceret,
654 1657 945 1721 quadraginta
989 1657 1184 1704 navibus
1226 1655 1442 1705 cuit-odiri

159 1731 387 1795 placuerat
418 1731 581 1794 Sicilia:
614 1732 878 1779 maritimam
912 1748 1053 1779 oram.
1086 1731 1322 1780 Tredecim
1353 1747 1443 1778 no-

159 1822 241 1852 vas
265 1822 400 1853 naves
424 1805 586 1853 Villius
615 1807 761 1853 secum
788 1806 835 1852 in
857 1805 1054 1853 Siciliam
1090 1806 1245 1852 duxit:
1276 1818 1437 1852 ceterae

157 1878 205 1925 in
236 1878 386 1926 Sicilia
415 1894 591 1926 veteres
622 1879 810 1927 refeci&
844 1879 961 1926 Huic
986 1878 1103 1926 elafii
1141 1880 1204 1924 M,
1234 1879 1439 1940 Pompo-

157 1952 255 2001 nius
271 1988 284 2010 ,
301 1952 464 2015 prioris
491 1954 596 2000 anni
623 1966 813 2016 praetor,
833 1964 1084 2016 prorogato
1102 1951 1296 2015 imperio
1317 1962 1437 2014 prae-

154 2025 352 2087 positus,
385 2044 540 2075 novos
571 2028 733 2074 milites
756 2044 812 2074 ex
838 2027 961 2074 Italia
991 2027 1205 2074 adve&os
1230 2026 1275 2071 in
1297 2041 1434 2073 naves

154 2099 382 2164 imposuit.
422 2103 574 2148 Parem
609 2102 791 2149 navium
818 2117 1052 2148 numerum
1088 2100 1173 2147 Cn.
1203 2099 1432 2157 ΟΕἰ-εινίο,

150 2171 335 2235 praetori
365 2171 471 2218 item
502 2173 664 2235 prioris
698 2174 833 2230 anni,
867 2190 968 2221 cum
1001 2172 1095 2236 pari
1126 2171 1221 2234 jure
1252 2171 1429 2234 imperii

149 2244 206 2291 ad
221 2245 431 2292 tuendam
444 2245 659 2292 Sardiniae
676 2260 801 2293 oram
815 2248 962 2294 Patres
982 2248 1294 2294 decreverunt.
1318 2247 1432 2291 Len-

149 2315 269 2364 tulus
292 2329 461 2380 praetor
485 2318 576 2364 duo
597 2318 736 2366 millia
761 2320 955 2366 militum
984 2320 1084 2366 dare
1112 2319 1158 2365 in
1181 2336 1318 2365 naves
1335 2317 1429 2379 jus-

149 2386 235 2435 sus.
268 2391 323 2436 Et
343 2389 478 2437 ltaliae
499 2406 609 2446 ora,
631 2391 736 2453 quia
758 2392 980 2438 incertum
1004 2404 1122 2449 erat,
1141 2407 1235 2455 quo
1255 2389 1426 2437 miffuri

150 2459 322 2509 classem
340 2462 724 2527 Carthaginienses
739 2461 915 2522 forent,
936 2463 1234 2529 (videbantur
1251 2475 1394 2511 autem
1405 2498 1422 2522 ,
