1592 2724
165 145 223 190 26
531 137 1103 202 T1T1L1V114

158 250 232 303 &‚
267 245 540 310 procedente
568 243 656 306 jam
686 244 782 301 die,
814 241 935 290 vires
961 241 1095 288 etiam
1122 237 1308 288 deficere
1328 238 1442 286 Has-

155 320 350 368 drubalis
382 319 628 367 exercitum
660 327 919 378 coeperant,
954 313 1185 377 oppressos
1213 313 1438 360 matutino

158 394 353 440 tumultu
383 390 678 455 coactosque,
710 388 967 452 priusquam
1003 388 1107 434 cibo
1141 402 1335 449 corpora
1362 384 1442 430 fir-

158 478 354 524 marent,
387 466 547 528 raptim
584 465 630 510 in
647 462 787 511 aciem
814 462 949 508 exire.
981 461 1050 506 Ad
1072 460 1117 506 id
1139 459 1291 506 sedulo
1324 458 1444 505 diem

159 550 413 585 extraxerat
444 536 628 598 Scipio,
658 533 817 581 ut‘sera
849 550 999 597 pugna
1019 532 1137 579 effet.
1174 548 1275 578 nam
1307 530 1361 576 ab
1377 529 1445 576 se·-

158 610 299 673 ptima
326 610 507 656 demum
535 609 646 654 hora
678 606 878 669 peditum
899 606 1019 668 signa
1048 604 1263 651 cornibus
1291 602 1446 649 incur-

161 697 330 730 rerunt.
364 682 420 728 ad
457 679 621 726 medias
656 679 771 726 acies
805 678 1035 740 aliquanto
1072 676 1207 723 serius
1238 676 1447 739 pervenit

160 773 311 819 pugna
332 774 342 802 :
364 755 425 800 ita
452 765 501 800 ut
530 753 655 817 prius
685 752 811 799 aestus
839 769 863 798 a
879 750 1130 798 meridiano
1156 750 1271 806 sole,
1292 749 1447 795 labor-

160 846 248 892 que
276 827 418 875 standi
448 826 528 874 sub
560 826 718 884 armis,
751 827 801 873 &
822 823 948 871 simul
980 823 1116 869 fames
1146 822 1320 885 litisque
1343 838 1448 868 cor-

161 918 277 964 pora
298 900 555 956 afficerent,
586 915 717 960 quam
742 912 899 943 manus
935 912 1039 943 cum
1072 894 1196 940 hoste
1236 893 1447 941 consere-

160 986 275 1022 rent.
312 976 466 1036 Itaque
493 971 708 1018 steterunt
737 970 867 1017 scutis
898 968 1044 1015 innifi.
1080 985 1181 1014 nam
1213 968 1341 1029 super
1374 983 1449 1013 ce·-

163 1065 259 1096 tera
293 1045 519 1110 elephanti
562 1044 723 1102 etiam,
768 1042 1047 1090 tumultuoso
1089 1058 1250 1106 genere
1289 1057 1451 1104 pugnae

164 1120 368 1184 equitum
391 1117 664 1180 velitumque
685 1118 734 1164 &
751 1115 864 1164 levis
893 1127 1129 1162 armaturae
1156 1114 1450 1171 consternati,

165 1212 190 1241 e
210 1193 424 1241 cornibus
453 1191 499 1238 in
522 1190 714 1238 mediam
750 1190 891 1237 aciem
928 1187 1014 1234 sese
1049 1187 1304 1233 intulerant.
1338 1186 1448 1233 Fessi

164 1267 299 1331 igitur
323 1264 591 1328 corporibus
621 1262 866 1326 animisque
895 1261 1084 1308 retulere
1116 1260 1302 1322 pedem,
1327 1258 1452 1304 ordi-

166 1357 247 1387 nes
277 1352 422 1386 tamen
450 1338 702 1395 servantes,
731 1335 850 1383 haud
872 1334 1017 1391 secus,
1044 1350 1178 1396 quam
1204 1332 1237 1378 fi
1258 1331 1450 1393 imperio

165 1413 294 1460 ducis
312 1411 488 1459 cederet
502 1409 673 1473 integra
690 1408 819 1456 acies.
854 1408 939 1455 Sed
959 1424 1060 1454 cum
1093 1423 1148 1452 eo
1168 1405 1265 1468 ipso
1283 1404 1453 1463 acrius,

168 1486 246 1533 ubi
265 1484 526 1532 inclinatam
545 1481 713 1529 sensere
732 1499 826 1529 rem
842 1518 857 1538 ‚
879 1481 1074 1528 victores
1101 1479 1143 1525 se
1163 1478 1360 1541 undique
1377 1477 1451 1522 in-

170 1558 390 1605 veherent
405 1592 421 1612 ,
440 1572 522 1601 nec
538 1553 669 1601 facile
688 1554 880 1616 impetus
899 1552 1098 1599 sustineri
1117 1551 1286 1614 poffe13
1309 1565 1452 1612 quan-

170 1645 305 1692 quam
323 1627 558 1683 retinebat‚
569 1625 893 1688 obsistebatque
909 1623 1169 1672 cedentibus
1185 1619 1453 1678 Hasdrubal,

168 1705 223 1749 ab
244 1719 350 1763 tergo
370 1699 440 1763 effe
458 1703 578 1745 colles
594 1715 803 1760 tutumque
830 1713 1025 1758 receptum
1041 1732 1054 1753 ‚
1068 1696 1114 1761 st
1129 1697 1284 1741 modice
1290 1693 1338 1754 se
1357 1695 1456 1739 reci-

162 1789 336 1836 parent,
362 1771 630 1826 clamitans;
663 1783 812 1817 tamen
830 1804 846 1827 ,
883 1769 1097 1816 vincente
1132 1764 1454 1814 verecundiam

171 1859 318 1904 metu,
338 1846 468 1906 (cum
490 1844 725 1906 proximus
745 1841 932 1905 quisque
953 1840 1126 1887 hostem
1150 1834 1350 1900 cederet)
1372 1849 1456 1881 ter-

171 1937 228 1983 ga
247 1917 478 1980 extemplo
508 1917 608 1963 data
627 1952 640 1975 ,
665 1926 797 1979 atque
821 1915 868 1960 in
888 1913 1037 1977 fugam
1055 1911 1140 1958 sese
1162 1926 1322 1957 omnes
1342 1908 1454 1954 effu-

171 1994 347 2039 derunt.
378 1995 446 2039 Ac
473 1991 622 2053 primo
652 1989 888 2038 consistere
907 1988 1025 2051 signa
1042 1986 1088 2032 in
1104 1983 1327 2031 radicibus
1349 1981 1452 2029 col-

173 2067 284 2114 lium
303 2101 318 2124 ‚
351 2082 402 2113 ac
427 2080 648 2112 revocare
680 2064 728 2110 in
758 2063 941 2109 ordines
970 2060 1160 2107 militem
1189 2069 1461 2120 coeperant·‚

171 2138 483 2187 cunctantibus
505 2138 552 2184 in
574 2136 804 2183 adversum
835 2134 1000 2182 collem
1019 2133 1186 2196 erigere
1206 2130 1346 2178 aciem
1359 2130 1458 2175 Ro-

175 2210 335 2258 manis.
369 2211 473 2256 inde
500 2222 548 2256 ut
579 2207 733 2254 inferri
760 2206 948 2269 impigre
974 2204 1095 2268 figna
1116 2203 1354 2260 viderunt,
1383 2199 1456 2244 in-

178 2292 347 2344 tegrata
375 2279 511 2343 fuga,
539 2279 585 2325 in
616 2279 753 2326 castra
786 2277 939 2341 pavidi
967 2274 1317 2338 compelluntur.
1355 2272 1456 2321 Nec

175 2353 342 2418 procul
362 2353 485 2400 vallo
497 2354 729 2400 Romanus
748 2352 918 2398 aberat:
940 2350 1207 2414 cepissetque
1220 2358 1351 2394 tanto
1367 2346 1455 2392 im-

171 2440 288 2498 Betu
316 2425 481 2490 castra,
508 2425 556 2476 ni
576 2425 619 2477 se
650 2442 707 2476 ex
726 2425 984 2480 vehementi
1012 2423 1138 2482 sole,
1167 2421 1311 2488 qualis
1340 2420 1458 2486 intes
