1592 2724
123 181 210 229 186
469 179 1030 230 T1T1L1V11

111 285 382 345 ominatur,
404 286 564 350 quibus
586 290 816 352 quondam
842 289 1047 353 auspiciis
1071 301 1216 352 patres
1244 307 1402 340 eorum

113 358 417 420 pugnaverint
447 360 500 405 ad
529 362 704 423 AEgates
731 361 916 415 insulas,
938 378 987 408 ea
1014 361 1101 409 illis
1133 364 1403 410 exeuntibus

111 429 158 474 in
177 429 314 475 aciem
336 431 605 491 portendisse
624 433 763 479 Deos.
789 431 938 496 Adeffi
951 435 1082 492 finem
1100 436 1193 479 belli
1215 453 1264 480 ac
1283 437 1403 481 labo-

112 505 182 548 ris.
211 506 265 548 Izz
292 506 485 548 manibus
505 503 579 567 effi:
598 508 784 565 praedam
809 508 1075 567 Carthaginis
1091 541 1103 562 ‚
1129 509 1301 552 reditum
1328 510 1405 553 do-

110 592 223 618 mum
243 577 288 620 in
302 578 487 634 patriam
501 610 514 631 ,
532 579 791 635 adparentes
803 613 815 633 ,
833 579 1003 634 liberos,
1022 578 1215 639 conjuges
1228 613 1241 635 ‚
1258 582 1403 625 Petta-

110 647 243 706 ttssjue
265 648 399 691 Deos.
420 646 577 692 Celsus
599 647 692 694 haec
712 664 932 710 corpore,
950 650 1171 712 vultuque
1190 649 1250 696 ita
1268 650 1404 706 laeto,

113 732 164 765 ut
186 720 338 766 vicisse
363 718 451 781 jam
473 720 701 780 crederes,
719 720 905 768 dicebat.
925 722 1102 769 Instruit
1131 723 1290 770 deinde
1310 724 1405 786 pri-

111 808 212 838 mos
233 791 451 850 hastatos,
467 793 566 855 post
584 810 663 841 eos
682 793 908 857 principes
923 813 936 840 ε
953 795 1113 842 triariis
1132 795 1404 859 postremam

112 864 253 911 aciem
283 865 449 912 claufit.

173 941 388 987 XXXIII.
420 941 532 988 Non
555 939 782 988 confertas
799 944 947 989 autem
969 942 1181 990 cohortes
1206 956 1307 991 ante
1328 943 1404 991 sua

108 1028 333 1076 quamque
366 1013 487 1077 signa
519 1013 790 1073 instruebat,
816 1015 889 1061 sed
916 1016 1172 1078 manipulos
1201 1017 1405 1080 aliquan-

108 1099 204 1131 tum
231 1085 346 1131 inter
378 1085 418 1131 se
450 1086 686 1143 distantes,
718 1098 768 1132 ut
801 1087 905 1133 esset
941 1087 1156 1150 spatium,
1179 1105 1274 1152 quo
1309 1088 1403 1134 ele-

108 1159 267 1220 phanti
289 1159 484 1205 hostium
510 1160 682 1222 accepti
708 1161 823 1207 nihil
847 1161 1028 1208 ordines
1048 1163 1289 1209 turbarent.
1306 1163 1404 1208 Lae-

107 1231 217 1277 lium
244 1231 399 1295 (cujus
433 1244 535 1278 ante
568 1231 729 1295 legati,
760 1249 816 1279 eo
854 1249 976 1278 anno
1007 1234 1243 1296 quaestoris
1275 1246 1403 1280 extra

107 1304 272 1350 sortem
292 1322 346 1350 ex
372 1304 756 1352 senatusconsulto
779 1322 916 1368 opera
935 1306 1172 1369 utebatur)
1192 1323 1292 1353 cum
1314 1308 1402 1351 Ita-

105 1376 198 1424 lico
227 1377 428 1441 equitatu
453 1378 507 1424 ab
537 1376 710 1423 sinistro
734 1394 906 1436 cornu,
934 1378 1203 1425 Masinissam
1233 1378 1400 1425 Numi-

107 1450 270 1513 dasque
293 1451 347 1497 ab
379 1451 540 1497 dextro
561 1450 788 1513 opposuit.
821 1451 918 1497 vias
946 1463 1146 1514 patentes
1173 1452 1287 1499 inter
1307 1469 1402 1498 ma-

107 1523 290 1585 nipulos
311 1523 703 1588 antesignanorum
727 1523 938 1570 velitibus
961 1523 1034 1588 (ea
1059 1536 1168 1572 tunc
1195 1525 1310 1572 levis
1328 1542 1400 1571 ar-

106 1609 279 1644 matura
299 1597 423 1662 erat)
443 1598 721 1661 complevit3
738 1599 844 1645 dato
866 1613 1094 1662 praecepto
1111 1636 1124 1658 ‚
1146 1611 1196 1647 ut
1210 1637 1222 1659 ,
1244 1600 1297 1646 ad
1317 1600 1398 1646 im-

105 1684 258 1733 petum
279 1672 648 1734 elephantorum,
669 1683 744 1718 aut
763 1671 862 1734 post
883 1673 1026 1719 rectos
1048 1672 1305 1737 refugerent
1324 1690 1398 1719 or-

106 1745 253 1802 dines,
273 1758 374 1805 aut,
394 1746 440 1792 in
460 1747 659 1793 dextram
681 1746 934 1809 laevamque
954 1746 1150 1794 discursu
1167 1747 1400 1810 applican-

104 1830 171 1865 tes
193 1817 234 1864 se
250 1819 544 1882 antesignanis
559 1855 572 1878 ‚
601 1819 748 1877 viam,
772 1836 861 1882 qua
883 1819 1103 1865 irruerent
1120 1819 1166 1865 in
1186 1820 1399 1882 ancipitia

106 1893 219 1949 tela,
246 1893 404 1939 belluis
425 1894 593 1940 darent.
624 1893 853 1940 Hannibal
877 1893 929 1940 ad
958 1906 1174 1940 terrorem
1197 1894 1396 1956 primum

107 1965 370 2027 elephantos
402 1965 665 2029 (octoginta
685 1978 832 2012 autem
857 1976 1005 2022 erant,
1026 1977 1141 2027 quot
1163 1965 1284 2012 nulla
1308 1982 1397 2011 un-

105 2054 240 2099 quam
260 2038 305 2083 in
325 2039 418 2085 acie
438 2051 538 2085 ante
560 2038 797 2097 habuerat)
819 2037 1028 2083 instruxit
1050 2054 1060 2083 :
1083 2037 1242 2083 deinde
1266 2037 1398 2084 auxi-

104 2110 161 2156 lia
202 2110 413 2174 Ligurum
454 2111 817 2173 Gallorumque,
851 2111 1097 2157 Baliaribus
1137 2109 1397 2173 Maurisque

105 2182 342 2239 admixti33
379 2183 425 2230 in
456 2183 646 2230 secunda
683 2183 778 2230 acie
809 2183 1199 2247 Carthaginienses
1234 2183 1395 2230 Afros-

104 2272 191 2317 que
212 2257 262 2303 &
291 2256 595 2304 Macedonum
627 2255 880 2319 legionem3
908 2257 1095 2302 modico
1125 2255 1228 2302 inde
1254 2255 1395 2301 inter-

102 2328 228 2377 Vallo
260 2328 416 2375 relicto
434 2365 447 2387 ‚
476 2327 775 2376 subsidiariam
807 2328 950 2375 aciem
982 2328 1241 2375 Italicorum
1269 2327 1393 2373 mili-

105 2410 202 2443 tum
223 2397 406 2461 <Bruttii
426 2400 626 2463 plerique
648 2413 797 2457 erant,
814 2402 864 2448 vi
883 2419 931 2448 ac
953 2402 1205 2449 necessitate
1222 2400 1390 2462 plures,

106 2486 241 2533 quam
269 2471 345 2520 sua
373 2473 638 2536 voluntate,
667 2474 957 2523 decedentem
988 2491 1044 2524 ex
1069 2474 1192 2522 Italia
1220 2472 1393 2537 secuti)
