1592 2724
199 128 291 196 318
550 127 1116 175 T1T1L1v11

198 249 247 285 ut
276 237 488 284 adversus
509 237 764 300 Philippum
800 237 999 283 mitteret
1033 237 1180 284 secum
1215 236 1393 284 auxilia.
1423 239 1485 285 Ea

197 309 240 358 se
270 309 499 357 missurum
526 309 649 356 dixit.
687 326 772 371 pro
796 326 904 371 pace
926 327 1027 357 cum
1060 310 1259 367 Achaeis,
1287 311 1484 358 induciae

193 384 445 446 impetratae
463 419 477 442 ,
511 383 660 429 donec
686 383 851 429 bellum
881 401 984 429 cum
1004 383 1214 446 Philippo
1235 382 1451 432 finiretur.

260 459 359 506 XL.
391 458 466 504 De
490 454 617 519 Argis
637 472 825 519 quoque
846 456 1109 519 disceptatio
1132 458 1187 502 ab
1206 459 1360 504 Attalo
1380 474 1484 521 rege

195 528 259 577 est
286 542 408 576 nata:
442 546 543 576 cum
572 527 725 574 fraude
755 529 967 576 Philoclis
994 530 1221 591 proditam
1251 531 1408 576 urbem
1436 530 1484 577 vi

195 604 253 651 ab
278 620 335 650 eo
366 602 510 648 teneri
532 616 762 664 argueret3
791 602 892 661 ille,
924 603 979 648 ab
1008 603 1109 665 ipfis
1131 603 1340 666 Argivis,
1370 616 1418 649 ut
1442 601 1484 648 se

195 675 486 733 defenderet,
518 674 728 722 accitum.
763 676 1054 723 Concionem
1089 677 1368 740 Argivorum
1405 692 1485 722 rex

194 748 475 814 postulabat,
507 760 557 794 ut
585 747 630 794 id
650 747 748 796 sciri
770 749 927 811 posset.
953 750 1049 796 Nec
1070 761 1291 814 tyrannus
1313 749 1483 796 abnue-

194 841 274 872 re:
309 822 405 882 sed,
443 821 638 869 deduffis
669 839 724 870 ex
756 823 865 870 urbe
885 821 1128 885 praemiiis,
1164 824 1346 870 liberam
1369 841 1484 869 con-

194 897 408 953 cionem,
444 911 542 941 non
573 893 790 942 immixtis
822 895 1205 951 Lacedaemoniis,
1238 895 1484 941 declaratu-

194 980 318 1021 ram,
343 966 453 1025 quid
471 967 630 1030 Argivi
661 968 859 1024 vellent,
897 967 1087 1029 praeberi
1116 967 1276 1013 debere
1307 968 1485 1013 dicebat

195 1053 291 1085 rex.
317 1037 566 1099 Tyrannus
587 1039 771 1096 negavit
792 1039 1102 1080 &duom-um,
1132 1036 1242 1081 Haec
1265 1035 1486 1095 discepta-

193 1109 263 1155 tio
288 1108 380 1154 fine
395 1107 518 1154 exitu
537 1106 634 1154 fuit.
664 1109 738 1154 De
761 1106 999 1170 colloquio
1019 1107 1272 1167 discessum,
1297 1107 1483 1155 sexcen-

193 1180 251 1228 tis
281 1179 569 1226 Cretensibus
600 1179 656 1226 ab
693 1192 896 1244 tyranno
928 1180 1038 1227 datis
1066 1182 1309 1239 Romano,
1345 1183 1482 1228 indu-

193 1253 362 1318 ciisque
388 1253 506 1299 inter
536 1252 842 1300 Nicostratum
872 1267 1113 1316 praetorem
1139 1255 1409 1301 Achaeorum
1433 1257 1483 1303 &

194 1325 645 1375 Lacedaemoniorum
691 1338 940 1389 tyrannum
982 1328 1029 1372 in
1073 1339 1270 1389 quatuor
1311 1327 1482 1373 menses

194 1402 334 1450 fastis.
371 1401 477 1449 Inde
507 1400 749 1461 Quinffius
768 1401 1046 1448 Corinthum
1070 1401 1131 1448 est
1154 1401 1401 1464 profeestus:
1431 1403 1483 1450 &

192 1479 245 1526 ad
280 1489 458 1541 portam
493 1493 594 1523 cum
627 1476 905 1522 Cretensium
942 1476 1157 1522 corhorte
1189 1475 1366 1523 acceffit
1387 1507 1400 1529 ‚
1431 1488 1483 1522 ut

192 1549 390 1597 Philocli
417 1548 630 1612 praefe&o
654 1548 776 1594 urbis
800 1560 1055 1609 appareret,
1073 1560 1318 1611 tyrannum
1336 1564 1359 1593 a
1377 1546 1482 1592 Phi-

192 1622 322 1685 lippo
342 1620 532 1668 descisse.
557 1620 782 1667 Philocles
804 1621 853 1667 &
874 1619 963 1682 ipse
981 1621 1034 1666 ad
1052 1620 1368 1681 imperatorem
1383 1622 1480 1665 Ro-

191 1712 376 1744 manum
399 1695 447 1740 in
480 1693 767 1755 colloquium
792 1693 946 1739 venit:
976 1691 1295 1755 hortantique,
1323 1704 1371 1736 ut
1397 1707 1479 1737 ex-

192 1769 367 1832 templo
397 1767 629 1824 transiret,
662 1768 910 1829 urbemque
944 1764 1166 1821 traderet,
1197 1763 1256 1809 ita
1288 1763 1479 1825 respon-

195 1844 289 1901 dit,
317 1855 369 1890 ut
393 1840 600 1888 distulisse
628 1856 723 1886 rem
752 1839 920 1903 magis,
954 1856 1086 1903 quam
1117 1836 1287 1900 negafl'e
1304 1873 1319 1895 ,
1350 1838 1478 1882 vide—

195 1930 333 1964 retur.
370 1918 412 1963 A
440 1913 670 1963 Corintho
698 1913 938 1973 Quinfflus
974 1912 1242 1975 Anticyram
1276 1909 1478 1971 trajecit:

191 1989 297 2036 inde
313 1987 494 2033 fratrem
523 1987 577 2033 ad
603 1986 860 2032 tentandam
879 1986 1164 2031 Acarnanum
1189 1994 1366 2044 gentem
1387 1981 1474 2026 mi-

192 2062 260 2110 fit.
293 2059 469 2108 Attalus
495 2060 550 2106 ab
572 2061 699 2123 Argis
719 2060 967 2123 Sicyonem
988 2057 1050 2104 est
1069 2055 1311 2120 profecius.
1341 2055 1405 2102 Ibi
1425 2058 1476 2105 &

192 2135 353 2195 civitas
366 2134 503 2183 novis
518 2134 773 2181 honoribus
785 2146 960 2180 veteres
978 2132 1092 2196 regis
1109 2131 1306 2177 honores
1328 2131 1473 2179 auxit:

193 2211 245 2260 &
264 2227 344 2257 rex
373 2209 429 2257 ad
450 2208 522 2268 id,
548 2208 675 2272 quod
705 2207 876 2254 sacrum
906 2206 1132 2270 Apollinis
1159 2222 1314 2268 agrum
1342 2221 1474 2267 gran-

193 2286 240 2333 di
268 2285 500 2348 quondam
524 2282 716 2347 pecunia
742 2283 989 2329 redemerat
1014 2282 1076 2327 eis
1094 2317 1108 2338 ,
1137 2292 1232 2326 tum
1257 2293 1439 2339 quoque
1455 2312 1472 2335 ,

193 2375 250 2405 ne
269 2358 360 2405 fine
379 2358 526 2421 aliqua
550 2354 857 2404 munificentia
880 2355 1126 2417 praeteriret
1147 2352 1374 2399 civitatem
1395 2349 1472 2394 so-

194 2432 310 2483 ciam
343 2444 476 2496 atque
507 2429 726 2491 amicam,
761 2429 916 2478 decem
946 2428 1111 2476 talenta
1146 2424 1314 2488 argenti
1345 2424 1474 2471 dono
