1592 2724
253 171 802 219 HISTORIARUM
838 172 961 217 L1B,
995 172 1218 219 XXXIV.
1285 173 1382 238 389

93 281 137 326 H
158 278 298 342 spanis
334 279 478 341 prius,
512 278 742 341 postremo
776 280 824 326 &
855 279 1027 326 Graecis
1061 279 1109 326 in
1143 280 1377 328 civitatem

94 352 345 397 Romanam
381 350 571 398 adscitis.
604 350 877 407 Miraretur‚
909 351 985 413 qui
1016 364 1110 399 tum
1135 367 1339 400 cerneret
1358 388 1378 410 ‚

91 437 250 486 aperto
267 424 376 471 mari
397 424 453 471 ab
477 424 612 471 altera
631 435 780 485 parte,
800 423 855 469 ab
875 423 1010 471 altera
1030 425 1235 488 Hispanis
1249 462 1263 485 ,
1284 438 1377 475 tam

91 497 198 544 ferae
234 500 282 546 &
305 498 528 546 bellicosae
560 497 713 561 genti,
747 497 950 558 objectos
972 515 1074 560 quae
1106 515 1174 545 res
1205 517 1283 547 eos
1306 512 1378 548 tu-

91 582 273 618 taretur.
320 570 551 634 disciplina
587 582 680 617 erat
720 570 874 617 custos
912 569 1206 630 infirmitatis,
1241 589 1378 635 quam

90 642 209 688 inter
229 642 473 690 validiores
493 641 664 704 optime
681 641 819 688 tim'or
839 641 1058 690 continet.
1083 644 1258 689 Partem
1275 660 1379 690 mu-

90 714 131 760 ri
151 715 320 762 versam
341 715 388 761 in
407 731 537 779 agros
570 715 744 779 egregie
770 714 991 762 munitam
1017 715 1238 763 habebant
1252 752 1266 774 ,
1286 733 1378 764 una

92 800 264 835 tantum
283 788 328 834 in
349 806 448 836 eam
481 789 710 852 regionem
740 801 870 851 porta
888 788 1118 852 imposita·
1151 789 1276 851 cujus
1306 791 1379 839 as-

90 860 236 908 fiduus
259 861 407 909 custos
439 861 620 943 semper
637 861 796 925 aliquis
834 879 890 908 ex
922 862 1247 925 magistratibus
1267 874 1380 912 erat

91 934 223 980 nocte
244 951 343 996 pars
376 934 507 981 tertia
529 935 701 982 civium
727 934 772 980 in
799 935 937 982 muris
961 937 1265 984 excubabant:
1297 954 1379 984 ne·-

91 1023 180 1069 que
210 1007 349 1054 moris
377 1019 550 1054 tantum
585 1020 661 1054 aut
690 1007 796 1070 legis
827 1007 979 1066 causa,
1015 1008 1110 1063 sed,
1144 1021 1308 1072 quanta
1343 1008 1378 1055 fi'

92 1077 233 1124 hostis
252 1078 306 1124 ad
333 1089 486 1140 portas
508 1078 633 1130 effer,
660 1080 710 1125 &
730 1078 961 1127 servabant
986 1047 1187 1143 vigilias,
1215 1083 1263 1129 &
1288 1081 1378 1128 cir·-

93 1152 351 1209 cumibant,
377 1168 498 1198 cura.
529 1151 776 1213 Hispanum
808 1152 1033 1198 neminem
1057 1153 1101 1198 in
1123 1153 1278 1198 urbem
1304 1170 1379 1199 re·-

92 1224 331 1285 cipiebant.
366 1241 421 1270 ne
448 1224 527 1286 ipfi
552 1224 734 1287 quidem
758 1240 926 1271 temere
949 1225 1059 1271 urbe
1084 1226 1380 1276 excedebant„

92 1298 148 1343 ad
176 1313 293 1342 mare
328 1298 508 1359 patebat
536 1297 746 1343 omnibus
779 1298 940 1345 exitus.
973 1310 1105 1360 porta
1138 1300 1192 1344 ad
1218 1300 1378 1362 Hispa-

91 1387 254 1417 norum
285 1371 507 1432 oppidum
538 1371 665 1417 versa
700 1388 930 1435 nunquam
967 1371 1047 1417 nifi
1085 1371 1378 1435 frequentes,

91 1460 193 1506 pars
215 1443 345 1492 tertia
367 1442 479 1501 fere,
501 1443 625 1506 cujus
649 1445 857 1505 proxima
880 1446 1009 1491 nocte
1029 1445 1197 1509 vigiliae
1216 1447 1262 1492 in
1282 1464 1381 1494 mu-

91 1515 152 1561 ris
174 1514 371 1570 fuerant,
389 1516 748 1579 egrediebantur.
777 1516 919 1564 Causa
937 1518 1132 1564 exeundi
1152 1520 1243 1566 haec
1264 1532 1380 1569 erate

93 1588 374 1636 commercio
412 1606 571 1636 eorum
608 1591 793 1652 Hispani
816 1626 830 1648 ‚
873 1590 1178 1653 imprudentes
1213 1593 1382 1654 maris5‚

93 1663 369 1726 gaudebant:
394 1664 674 1728 mercarique
698 1668 747 1712 &
764 1665 844 1728 ipfi
865 1681 943 1722 ea,
967 1683 1067 1728 quae
1087 1679 1273 1714 externa
1296 1686 1380 1716 na-

92 1736 224 1785 vibus
256 1736 605 1798 inveherentur,
642 1741 694 1787 &
724 1756 937 1802 agrorum
969 1740 1147 1804 exigere
1180 1741 1380 1802 fructus,

93 1809 327 1857 volebant.
364 1809 495 1871 hujus
532 1812 677 1859 mutui
705 1812 808 1858 usus
829 1812 1120 1872 desiderium,
1151 1826 1201 1861 ut
1221 1816 1380 1879 Hispa-

91 1900 151 1930 na
179 1883 284 1929 urbs
311 1884 482 1931 Graecis
513 1896 709 1946 pateret,
749 1884 951 1930 faciebat.
990 1887 1127 1932 Erant
1153 1887 1286 1934 etiam
1321 1905 1382 1936 eo

92 1957 312 2015 tutiores,
350 1959 477 2021 quod
510 1958 588 2005 sub
622 1960 781 2006 umbra
812 1959 1032 2005 Romanae
1067 1960 1276 2007 amicitiae
1315 1962 1384 2010 la-'

92 2031 270 2079 iebant:
308 2049 440 2095 quam
472 2031 584 2080 ficut
602 2031 854 2079 minoribus
876 2031 1080 2089 viribus,
1108 2050 1240 2092 quam
1270 2034 1385 2082 Mas-

93 2102 315 2162 filienses,
348 2105 444 2167 pari
481 2105 693 2152 colebant
718 2104 818 2152 fide.
850 2117 958 2152 tunc
997 2123 1181 2169 quoque
1213 2107 1382 2154 consu-

94 2176 183 2221 lem
211 2177 550 2241 exercitumque
583 2179 773 2226 comiter
794 2196 844 2226 ac
873 2179 1065 2242 benigne
1098 2190 1384 2241 acceperunt,

94 2251 272 2298 Paucos
303 2251 363 2298 ibi
402 2265 604 2300 moratus
642 2253 734 2300 dies
774 2255 924 2310 Cato,
959 2253 1064 2297 dum
1099 2252 1387 2314 exploraret,

93 2325 174 2372 ubi
211 2327 261 2372 δε
288 2342 464 2387 quantae
492 2325 689 2373 hostium
721 2326 867 2388 copiae
898 2325 1066 2380 effent3
1100 2335 1150 2371 ut
1172 2341 1228 2370 ne
1255 2341 1391 2373 mora?

95 2396 277 2459 quidem
317 2396 458 2460 segnis
488 2398 625 2457 esset,
660 2414 797 2445 omne
830 2398 877 2444 id
912 2413 1093 2460 tempus
1121 2396 1389 2445 exercendis

94 2467 317 2519 militibus
349 2469 605 2521 consumsit,
631 2471 683 2519 ld.
709 2482 804 2521 erat
828 2470 947 2519 forte
975 2483 1152 2531 tempus
1181 2469 1388 2530 anni2m

990 2543 1067 2589 Bb
1102 2559 1132 2605 3,
