1592 2724
212 168 309 223 230
566 126 1152 210 'TITILIVII

212 281 503 329 perrumpere
522 266 703 313 ordines
726 264 864 327 jubet.
893 270 950 313 Et
972 285 1145 316 cornua
1175 270 1230 317 ab
1247 269 1501 335 equitib1153

213 341 264 385 &
282 339 414 384 medh
435 357 455 383 a
478 339 624 401 pedite
649 340 774 402 pulfi.
800 358 852 387 ac
878 356 1083 403 repente,
1106 360 1207 389 cum
1231 345 1357 391 omni
1376 362 1501 408 parte

174 442 180 449 ·
213 414 338 459 caede
364 413 533 475 ingenti
563 413 886 473 sternerentur,
907 416 1027 463 Galli
1051 429 1170 479 terga
1199 431 1408 475 vertunt,
1429 418 1503 465 fu-

210 500 359 546 gaque
394 484 524 531 effusa
561 500 768 546 repetunt
804 487 955 534 castra.
995 487 1216 551 fugientes
1249 489 1503 551 persecutus

214 571 352 617 eques
368 592 380 612 ‚
409 574 517 602 mox
545 558 593 604 &
615 559 814 620 legiones
834 559 1042 607 insecutae
1061 562 1107 606 in
1130 561 1264 608 castra
1286 562 1504 624 impetum

213 626 435 675 fecerunt.
454 629 608 676 Minus
626 630 700 676 sex
717 631 851 678 millia
868 633 1103 680 hominum
1125 634 1227 681 inde
1243 635 1504 698 effiigerunt.

214 701 326 747 caesa
344 716 417 748 aut
440 715 566 763 capta
591 701 720 766 supra
743 705 945 768 quinque
965 708 1015 754 ὅ(
1033 707 1216 769 triginta
1236 708 1373 754 millia
1401 725 1504 754 cum

215 774 352 837 fignis
386 775 654 823 militaribus
694 777 993 842 septuaginta,
1027 780 1248 842 carpentis
1286 782 1504 839 Gallicis,

216 847 358 909 multa
386 850 536 910 praeda
560 850 782 907 oneratis,
802 851 902 913 plus
920 852 1137 899 ducentis.
1170 853 1397 900 Hamilcar
1413 854 1507 898 dux

215 921 389 968 Poenus
417 938 474 967 eo
504 923 675 985 proelio
695 924 879 983 cecidit,
900 927 950 973 &
983 938 1071 972 tres
1100 925 1390 986 imperatores
1418 943 1506 973 no-

213 992 333 1041 biles.
363 994 617 1043 Gallorum.¹
652 996 901 1044 Placentini
938 997 1110 1059 captivi
1142 998 1199 1045 ad
1234 998 1326 1045 duo
1364 998 1504 1044 millia

216 1065 468 1112 liberorum
496 1067 691 1129 capitum
717 1069 877 1114 redditi
910 1069 1105 1116 colonis.
1409 1059 1412 1066 ‘

285 1139 434 1185 XXII.
466 1141 630 1202 Magna
653 1140 842 1188 viffloria
868 1141 1058 1205 laetaque
1086 1142 1246 1187 Romae
1277 1141 1376 1189 fuit.
1403 1141 1509 1189 lire-³

214 1210 280 1258 xis
304 1210 470 1269 allatis,
492 1211 756 1275 supplicatio
787 1214 834 1260 in
863 1215 1064 1264 triduum
1093 1215 1270 1260 decreta
1296 1215 1371 1261 est.
1409 1217 1508 1263 Ro-

218 1300 459 1331 manorum
496 1286 817 1352 sociorumque
854 1289 910 1335 ad
945 1290 1037 1335 duo
1074 1289 1214 1335 millia
1250 1305 1306 1336 eo
1336 1291 1508 1352 proelio

219 1357 512 1406 ceciderunt:
544 1360 724 1422 plurimi
760 1362 930 1408 dextrae
963 1362 1070 1418 alae,
1107 1362 1155 1407 in
1191 1378 1324 1424 quam
1356 1362 1509 1424 primo

217 1428 391 1492 impetu
412 1431 482 1478 vis
501 1431 655 1495 ingens
677 1433 870 1479 hostium
888 1433 1006 1480 illata
1027 1433 1100 1480 est.
1134 1434 1408 1495 Quanquam
1429 1450 1510 1496 per

218 1517 463 1566 praetorem
498 1523 639 1568 prope
676 1506 947 1553 debellatum
980 1521 1098 1564 erat,
1130 1505 1287 1553 consul
1324 1523 1510 1569 quoque

219 1578 276 1623 C.
306 1579 535 1637 Aurelius,
560 1578 786 1641 perfeffis,
807 1597 908 1642 quae
930 1581 1090 1625 Romae
1109 1577 1279 1639 agenda
1304 1577 1508 1637 fuerant,

216 1650 450 1712 profeeftus
471 1650 515 1697 in
530 1651 721 1698 Galliam
734 1686 749 1709 ‚
767 1652 985 1699 vifilorem
1007 1650 1252 1697 exercitum
1271 1668 1296 1696 a
1313 1663 1509 1713 praetore

219 1724 411 1784 accepit.
437 1725 612 1772 Consul
631 1725 763 1783 alter,
783 1742 910 1783 cum,
931 1737 1152 1772 autumno
1170 1723 1306 1770 ferme
1325 1725 1511 1784 exacto,

218 1795 267 1843 in
298 1797 584 1858 provinciam
606 1797 821 1854 venifl'et,
839 1798 959 1843 circa
984 1796 1277 1859 Apolloniam
1298 1797 1510 1843 hiberna-

219 1866 311 1912 bat.
353 1868 407 1913 ab
446 1867 603 1925 claffe,
638 1886 741 1931 quae
778 1870 1004 1933 Corcyra:
1039 1867 1248 1914 subdu&a
1295 1880 1416 1925 erat,
1453 1870 1510 1917 C.

220 1939 441 1986 Claudius
460 1940 748 2004 triremesque
778 1942 1000 1988 Romanae
1015 1978 1028 1996 ‚
1057 1941 1191 2004 (ficut
1214 1952 1315 1986 ante
1341 1940 1508 1987 dictum

219 2010 308 2073 est)
332 2013 531 2059 Athenas
548 2013 684 2059 miffae
700 2049 714 2070 ,
735 2031 837 2061 cum
857 2014 1071 2059 Piraeeum
1093 2013 1415 2075 pervenissent,
1436 2014 1513 2059 de-

220 2086 548 2146 spondentibus
573 2087 659 2148 jam
685 2088 861 2134 animos
890 2086 1021 2134 sociis
1051 2087 1170 2149 spem
1194 2087 1420 2149 ingentem
1444 2098 1508 2132 at-

220 2156 425 2204 tulerant.
456 2177 558 2205 nam
588 2161 638 2208 &
668 2159 891 2211 terrestres
917 2160 972 2205 al)
1005 2159 1265 2215 Corintho,
1299 2175 1400 2221 quae
1428 2173 1506 2218 per
1563 2191 1565 2199 l

220 2232 450 2294 Megaram
488 2233 767 2280 incurfiones
800 2232 847 2278 in
878 2249 1011 2295 agros
1044 2231 1141 2279 fieri
1180 2231 1320 2277 solitae
1350 2241 1506 2287 erant,

223 2321 318 2350 non
343 2304 533 2362 fiebant3
565 2309 614 2353 &
634 2307 900 2369 praedonum
931 2323 955 2351 a
977 2305 1193 2352 Chalcide
1216 2320 1376 2359 naves,
1405 2319 1506 2363 quae

221 2393 318 2422 non
348 2395 470 2424 mare
495 2379 638 2425 solum
667 2379 899 2436 infestum,
928 2380 1000 2424 sed
1026 2378 1159 2424 etiam
1185 2393 1342 2424 omnes
1367 2377 1504 2421 mari-

222 2451 359 2500 timos
378 2470 508 2518 agros
530 2454 872 2503 Atheniensibus
901 2453 1126 2510 fecerant,
1145 2467 1239 2498 non
1261 2450 1402 2498 modo
1422 2451 1504 2496 Su-
