1592 2724
198 180 325 230 T1T1
353 182 493 231 L1V11
521 178 866 228 HISTORIAR.
897 179 1000 227 LIB.
1028 177 1224 227 XXXII.
1293 177 1386 241 269

101 436 135 482 Ι.
176 368 553 484 CONSULES
583 426 911 493 praetoresque,
946 444 1050 476 cum
1082 429 1230 477 Idibus
1263 432 1388 477 Mar-⁴

101 509 175 556 tiis
200 508 499 572 magistratum
522 506 725 563 inissent,
743 502 1006 566 provincias
1031 502 1174 549 sortiti
1196 502 1308 550 sunt.
1335 506 1388 552 L.

104 583 328 630 Cornelio
348 580 542 628 Lentulo
562 579 682 627 Italia
697 615 709 638 ‚
734 581 779 626 P.
796 577 939 624 Villio
962 575 1255 632 Macedonia;
1275 593 1387 638 prae-

102 655 305 713 toribus,
322 658 369 702 L.
383 653 603 715 Quinctio
623 653 817 710 urbana,
836 652 923 698 Cn.
937 650 1090 698 Baebio
1105 648 1359 695 Ariminum
1371 683 1387 705 ,

104 729 154 774 L.
174 727 356 774 Valerio
380 726 527 774 Sicilia
543 762 557 786 ,
592 728 642 773 L.
665 725 809 771 Villio
843 723 1043 770 Sardinia
1072 721 1241 769 evenit.
1271 723 1390 768 Len-

103 800 223 847 tulus
246 799 404 847 consul
433 815 581 846 novas
600 798 802 862 legiones
819 796 1010 844 scribere
1038 794 1199 856 juffus3
1221 794 1390 842 Villius

104 889 130 919 a
157 874 202 919 P.
220 872 422 935 Sulpicio
443 871 692 918 exercitum
709 870 926 932 accipere.
961 867 1008 914 in
1027 867 1389 929 supplementum

104 942 200 1004 ejus
214 979 227 1002 ‚
253 956 471 1007 quantum
490 942 683 989 militum
706 941 935 986 videretur
950 975 963 998 ‚
982 952 1029 984 ut
1050 938 1258 985 scriberet
1273 974 1286 996 ‚
1309 937 1390 1000 ipsi

107 1018 380 1081 permissum.
415 1016 603 1065 Praetori
627 1015 779 1062 Baebio
812 1015 1040 1078 legiones,
1070 1029 1179 1077 quas
1208 1014 1261 1060 C.
1295 1015 1391 1059 Au-

104 1091 245 1137 relius
283 1091 440 1138 consul
477 1089 719 1148 habuisset,
752 1089 810 1134 ira
843 1089 1063 1143 decretae,
1096 1099 1145 1133 ut
1179 1085 1391 1132 retineret

109 1181 208 1223 eas,
244 1165 389 1213 donec
421 1164 578 1213 consul
602 1180 731 1210 novo
765 1180 868 1210 cum
898 1162 1098 1209 exercitu
1122 1160 1390 1207 succederet.

111 1237 157 1284 in
181 1238 375 1286 Galliam
399 1240 477 1286 ubi
505 1239 541 1286 is
561 1240 748 1287 veniss'et
766 1275 779 1297 ‚
801 1252 957 1285 omnes
984 1234 1146 1282 milites
1177 1234 1391 1280 exauClo=

111 1310 196 1357 rati
226 1312 412 1358 domum
439 1313 801 1371 dimitterentur,
836 1321 994 1375 praeter
1026 1308 1224 1372 quinque
1255 1306 1395 1353 milliar

111 1382 301 1430 socifim.
340 1385 408 1432 his
440 1386 637 1432 obtineri
670 1385 788 1433 circa
821 1381 1071 1430 Ariminum
1105 1378 1395 1441 provinciam

112 1454 212 1503 satis
237 1456 332 1504 effe.
355 1459 608 1523 Prorogato
626 1458 819 1520 imperio
839 1453 1107 1519 praetoribus
1129 1450 1293 1513 prioris
1313 1467 1394 1496 an-

114 1527 161 1573 ni
178 1563 191 1585 ‚
219 1527 332 1591 (Cn.
355 1530 537 1593 Sergio,
566 1542 614 1576 ut
632 1529 850 1575 militibus
866 1564 880 1586 ‚
901 1527 979 1590 qui
1011 1525 1056 1570 in
1078 1521 1312 1583 Hispania,
1329 1521 1394 1566 Si-

113 1600 238 1659 cilia,
265 1602 463 1648 Sardinia
483 1602 694 1666 stipendia
714 1618 792 1665 per
817 1601 985 1647 multos
1004 1612 1147 1645 annos
1168 1594 1395 1650 fecissent,

113 1693 268 1739 agrum
286 1678 584 1741 assignandum
603 1688 802 1724 curaret:
822 1678 883 1736 Q.
896 1672 1123 1728 Minucio,
1138 1681 1186 1715 ut
1204 1669 1248 1715 in
1266 1671 1396 1715 Brut-

115 1749 189 1795 tiis
219 1748 336 1796 idem
360 1752 414 1796 de
434 1750 824 1806 conjurationibus
837 1746 1128 1810 quaestiones,
1149 1759 1259 1806 quas
1280 1758 1397 1804 prae-

116 1835 191 1869 tor
212 1840 316 1870 cum
334 1822 420 1870 fide
440 1841 632 1887 curaque
651 1821 935 1877 exercuisset,
955 1817 1208 1882 perficerem
1227 1817 1276 1862 &
1293 1831 1397 1874 eos,

118 1910 233 1956 quos
262 1894 477 1959 sacrilegii
510 1911 771 1957 compertos
793 1894 839 1939 in
870 1891 1065 1941 vinculis
1089 1890 1283 1935 Romam
1310 1887 1396 1933 nii-

119 1965 232 2011 siffet
247 2002 262 2024 ,
282 1968 455 2014 Locros
473 1967 670 2014 mitteret
687 1968 742 2013 ad
762 1965 1052 2028 supplicium3
1082 1978 1273 2025 quaeque
1297 1960 1398 2007 sub-

120 2038 207 2084 lata
233 2054 290 2085 ex
311 2039 501 2085 delubro
518 2040 795 2102 Proserpinae
826 2037 986 2095 essent,
1015 2035 1277 2098 reponenda
1297 2050 1397 2079 cum

120 2111 309 2173 piaculis
335 2110 540 2175 curaret)
571 2111 690 2160 feriae
717 2112 884 2159 Latinae
912 2106 1182 2173 pontificum
1214 2108 1399 2153 decreto

123 2183 374 2230 instauratae
403 2183 529 2239 sunt3
562 2185 686 2246 quod
717 2183 847 2247 legati
866 2183 921 2229 ab
940 2181 1085 2227 Ardea
1107 2177 1248 2242 questi
1271 2177 1315 2222 in
1342 2176 1401 2222 se-

123 2269 231 2303 natu
260 2265 410 2314 erant,
442 2256 520 2302 fibi
553 2256 597 2301 in
621 2269 774 2302 monte
795 2257 972 2302 Albano
1001 2252 1170 2299 Latinis
1194 2267 1370 2297 carnem
1388 2284 1401 2303 ,

123 2341 176 2376 ut
210 2327 396 2384 assolet,
424 2327 568 2374 datam
605 2344 700 2373 non
736 2329 831 2374 effe.
869 2328 938 2373 Ab
970 2323 1115 2372 Suess'a
1148 2322 1400 2369 nuntiatum

125 2402 215 2458 est,
250 2402 356 2449 duas
382 2413 532 2464 portas
551 2435 564 2458 ‚
592 2400 807 2462 quodque
828 2399 944 2444 inter
973 2414 1045 2443 eas
1070 2395 1186 2442 muri
1207 2406 1322 2452 erat,
1349 2393 1403 2439 de

125 2475 250 2531 coelo
270 2477 461 2529 taelunu
494 2476 542 2520 &
558 2474 783 2519 Formiani
808 2472 937 2534 legati
958 2472 1096 2517 aedem
1111 2469 1239 2517 ‚lovis
1256 2503 1270 2527 ‚
1298 2468 1403 2515 item
