<?xml version="1.0" encoding="UTF-8"?>
<!DOCTYPE html PUBLIC "-//W3C//DTD XHTML 1.0 Transitional//EN"
    "http://www.w3.org/TR/xhtml1/DTD/xhtml1-transitional.dtd">
<html xmlns="http://www.w3.org/1999/xhtml" xml:lang="en" lang="en">
 <head>
  <title>
</title>
<meta http-equiv="Content-Type" content="text/html;charset=utf-8" />
  <meta name='ocr-system' content='tesseract 3.04.00' />
  <meta name='ocr-capabilities' content='ocr_page ocr_carea ocr_par ocr_line ocrx_word'/>
</head>
<body>
  <div class='ocr_page' id='page_1' title='image "./historiarumlibri05livyuoft_0131.png"; bbox 0 0 1592 2724; ppageno 0'>
   <div class='ocr_carea' id='block_1_1' title="bbox 336 157 1414 205">
    <p class='ocr_par' dir='ltr' id='par_1_1' title="bbox 336 157 1414 205">
     <span class='ocr_line' id='line_1_1' title="bbox 336 157 1414 205; baseline -0.004 0"><span class='ocrx_word' id='word_1_1' title='bbox 336 159 875 205; x_wconf 67' lang='lat' dir='ltr'><strong>HtsTGffiARUM</strong></span> <span class='ocrx_word' id='word_1_2' title='bbox 912 159 1035 204; x_wconf 72' lang='lat' dir='ltr'>LIE.</span> <span class='ocrx_word' id='word_1_3' title='bbox 1068 157 1244 203; x_wconf 49' lang='lat' dir='ltr'><strong>xxm.</strong></span> <span class='ocrx_word' id='word_1_4' title='bbox 1334 171 1414 202; x_wconf 77' lang='lat'><strong>121</strong></span> 
     </span>
    </p>
   </div>
   <div class='ocr_carea' id='block_1_2' title="bbox 112 261 1439 2499">
    <p class='ocr_par' dir='ltr' id='par_1_2' title="bbox 112 261 1439 2499">
     <span class='ocr_line' id='line_1_2' title="bbox 144 261 1421 321; baseline -0.002 -9"><span class='ocrx_word' id='word_1_5' title='bbox 144 262 351 312; x_wconf 67' lang='lat' dir='ltr'><strong>&#39;consules</strong></span> <span class='ocrx_word' id='word_1_6' title='bbox 381 281 479 311; x_wconf 82' lang='lat' dir='ltr'><strong>cum</strong></span> <span class='ocrx_word' id='word_1_7' title='bbox 508 263 621 310; x_wconf 75' lang='lat' dir='ltr'><strong>binis</strong></span> <span class='ocrx_word' id='word_1_8' title='bbox 640 261 906 310; x_wconf 68' lang='lat' dir='ltr'><strong>exercitibus</strong></span> <span class='ocrx_word' id='word_1_9' title='bbox 931 274 1032 307; x_wconf 86' lang='lat' dir='ltr'><strong>ante</strong></span> <span class='ocrx_word' id='word_1_10' title='bbox 1055 261 1348 321; x_wconf 73' lang='lat' dir='ltr'><strong>trajecerant3</strong></span> <span class='ocrx_word' id='word_1_11' title='bbox 1370 263 1421 309; x_wconf 62' lang='grc' dir='ltr'>δί</span> 
     </span>
     <span class='ocr_line' id='line_1_3' title="bbox 143 334 1420 400; baseline -0.002 -17"><span class='ocrx_word' id='word_1_12' title='bbox 143 354 288 400; x_wconf 80' lang='lat' dir='ltr'>prope</span> <span class='ocrx_word' id='word_1_13' title='bbox 324 338 511 383; x_wconf 72' lang='lat' dir='ltr'><strong>totidem</strong></span> <span class='ocrx_word' id='word_1_14' title='bbox 546 336 743 382; x_wconf 63' lang='lat' dir='ltr'><strong>rostratae</strong></span> <span class='ocrx_word' id='word_1_15' title='bbox 777 334 823 380; x_wconf 89' lang='lat' dir='ltr'><strong>in</strong></span> <span class='ocrx_word' id='word_1_16' title='bbox 856 334 941 380; x_wconf 82' lang='lat' dir='ltr'><strong>illis</strong></span> <span class='ocrx_word' id='word_1_17' title='bbox 979 334 1180 380; x_wconf 78' lang='lat' dir='ltr'><strong>classibus</strong></span> <span class='ocrx_word' id='word_1_18' title='bbox 1214 334 1420 392; x_wconf 79' lang='lat' dir='ltr'><strong>fuerant,</strong></span> 
     </span>
     <span class='ocr_line' id='line_1_4' title="bbox 144 402 1420 472; baseline -0.003 -18"><span class='ocrx_word' id='word_1_19' title='bbox 144 422 260 472; x_wconf 87' lang='lat' dir='ltr'><strong>quot</strong></span> <span class='ocrx_word' id='word_1_20' title='bbox 286 407 500 453; x_wconf 78' lang='lat' dir='ltr'><strong>onerariis</strong></span> <span class='ocrx_word' id='word_1_21' title='bbox 525 405 675 465; x_wconf 59' lang='lat' dir='ltr'><strong>Scipio</strong></span> <span class='ocrx_word' id='word_1_22' title='bbox 701 418 794 457; x_wconf 83' lang='lat' dir='ltr'><strong>tum</strong></span> <span class='ocrx_word' id='word_1_23' title='bbox 818 402 1077 464; x_wconf 74' lang='lat' dir='ltr'><strong>trajiciebat.</strong></span> <span class='ocrx_word' id='word_1_24' title='bbox 1107 420 1208 450; x_wconf 86' lang='lat' dir='ltr'><strong>nam</strong></span> <span class='ocrx_word' id='word_1_25' title='bbox 1224 440 1239 461; x_wconf 85' lang='lat'><strong><em>,</em></strong></span> <span class='ocrx_word' id='word_1_26' title='bbox 1260 417 1420 466; x_wconf 73' lang='lat' dir='ltr'><strong>praeter</strong></span> 
     </span>
     <span class='ocr_line' id='line_1_5' title="bbox 141 475 1420 542; baseline -0.002 -17"><span class='ocrx_word' id='word_1_27' title='bbox 141 480 429 542; x_wconf 67' lang='lat' dir='ltr'><strong>quadraginta</strong></span> <span class='ocrx_word' id='word_1_28' title='bbox 478 479 632 540; x_wconf 77' lang='lat' dir='ltr'><strong>longas</strong></span> <span class='ocrx_word' id='word_1_29' title='bbox 684 492 851 533; x_wconf 78' lang='lat' dir='ltr'><strong>nave5‚</strong></span> <span class='ocrx_word' id='word_1_30' title='bbox 892 475 1233 539; x_wconf 68' lang='lat' dir='ltr'>quadringentis</span> <span class='ocrx_word' id='word_1_31' title='bbox 1280 476 1420 523; x_wconf 78' lang='lat' dir='ltr'><strong>ferme</strong></span> 
     </span>
     <span class='ocr_line' id='line_1_6' title="bbox 140 547 1419 609; baseline 0 -12"><span class='ocrx_word' id='word_1_32' title='bbox 140 551 356 598; x_wconf 85' lang='lat' dir='ltr'><strong>onerariis</strong></span> <span class='ocrx_word' id='word_1_33' title='bbox 374 549 617 596; x_wconf 78' lang='lat' dir='ltr'><strong>exercitum</strong></span> <span class='ocrx_word' id='word_1_34' title='bbox 638 547 895 596; x_wconf 79' lang='lat' dir='ltr'><strong>transvexit.</strong></span> <span class='ocrx_word' id='word_1_35' title='bbox 915 548 1001 594; x_wconf 88' lang='lat' dir='ltr'><strong>Sed</strong></span> <span class='ocrx_word' id='word_1_36' title='bbox 1018 549 1068 595; x_wconf 90' lang='lat'>&amp;</span> <span class='ocrx_word' id='word_1_37' title='bbox 1086 547 1252 595; x_wconf 85' lang='lat' dir='ltr'><strong>bellum</strong></span> <span class='ocrx_word' id='word_1_38' title='bbox 1272 548 1419 609; x_wconf 78' lang='lat' dir='ltr'><strong>bello,</strong></span> 
     </span>
     <span class='ocr_line' id='line_1_7' title="bbox 140 620 1416 683; baseline -0.002 -12"><span class='ocrx_word' id='word_1_39' title='bbox 140 624 382 671; x_wconf 80' lang='lat' dir='ltr'><strong>secundum</strong></span> <span class='ocrx_word' id='word_1_40' title='bbox 405 622 554 683; x_wconf 86' lang='lat' dir='ltr'><strong>priore</strong></span> <span class='ocrx_word' id='word_1_41' title='bbox 573 657 584 677; x_wconf 84' lang='lat'><strong>‚</strong></span> <span class='ocrx_word' id='word_1_42' title='bbox 615 632 662 666; x_wconf 80' lang='lat' dir='ltr'><strong>ut</strong></span> <span class='ocrx_word' id='word_1_43' title='bbox 691 620 886 667; x_wconf 80' lang='lat' dir='ltr'><strong>atrocius</strong></span> <span class='ocrx_word' id='word_1_44' title='bbox 911 621 1128 668; x_wconf 88' lang='lat' dir='ltr'><strong>Romanis</strong></span> <span class='ocrx_word' id='word_1_45' title='bbox 1153 621 1383 669; x_wconf 80' lang='lat' dir='ltr'><strong>videretur</strong></span> <span class='ocrx_word' id='word_1_46' title='bbox 1400 659 1416 680; x_wconf 92' lang='lat'>,</span> 
     </span>
     <span class='ocr_line' id='line_1_8' title="bbox 141 693 1417 759; baseline -0.001 -16"><span class='ocrx_word' id='word_1_47' title='bbox 141 714 241 744; x_wconf 86' lang='lat' dir='ltr'><strong>cum</strong></span> <span class='ocrx_word' id='word_1_48' title='bbox 264 696 388 759; x_wconf 81' lang='lat' dir='ltr'><strong>quod</strong></span> <span class='ocrx_word' id='word_1_49' title='bbox 407 695 453 740; x_wconf 86' lang='lat' dir='ltr'><strong>in</strong></span> <span class='ocrx_word' id='word_1_50' title='bbox 474 694 596 740; x_wconf 85' lang='lat' dir='ltr'><strong>Italia</strong></span> <span class='ocrx_word' id='word_1_51' title='bbox 624 693 896 752; x_wconf 76' lang='lat' dir='ltr'><strong>bellabatur,</strong></span> <span class='ocrx_word' id='word_1_52' title='bbox 918 706 1013 740; x_wconf 87' lang='lat' dir='ltr'><strong>tum</strong></span> <span class='ocrx_word' id='word_1_53' title='bbox 1036 694 1236 759; x_wconf 84' lang='lat' dir='ltr'><strong>ingentes</strong></span> <span class='ocrx_word' id='word_1_54' title='bbox 1254 695 1417 758; x_wconf 76' lang='lat' dir='ltr'><strong>strages</strong></span> 
     </span>
     <span class='ocr_line' id='line_1_9' title="bbox 138 766 1416 825; baseline -0.002 -8"><span class='ocrx_word' id='word_1_55' title='bbox 138 782 209 817; x_wconf 88' lang='lat' dir='ltr'><strong>tot</strong></span> <span class='ocrx_word' id='word_1_56' title='bbox 249 767 554 825; x_wconf 82' lang='lat' dir='ltr'><strong>exercituum,</strong></span> <span class='ocrx_word' id='word_1_57' title='bbox 584 766 712 811; x_wconf 66' lang='lat' dir='ltr'><strong>simul</strong></span> <span class='ocrx_word' id='word_1_58' title='bbox 747 766 865 813; x_wconf 77' lang='lat' dir='ltr'><strong>caefis</strong></span> <span class='ocrx_word' id='word_1_59' title='bbox 898 767 1110 824; x_wconf 85' lang='lat' dir='ltr'><strong>ducibus,</strong></span> <span class='ocrx_word' id='word_1_60' title='bbox 1149 768 1416 815; x_wconf 82' lang='lat' dir='ltr'><strong>effecerant:</strong></span> 
     </span>
     <span class='ocr_line' id='line_1_10' title="bbox 137 839 1415 903; baseline 0 -15"><span class='ocrx_word' id='word_1_61' title='bbox 137 844 188 890; x_wconf 84' lang='lat'>&amp;</span> <span class='ocrx_word' id='word_1_62' title='bbox 213 840 363 902; x_wconf 82' lang='lat' dir='ltr'><strong>Scipio</strong></span> <span class='ocrx_word' id='word_1_63' title='bbox 384 840 477 885; x_wconf 79' lang='lat' dir='ltr'><strong>dux</strong></span> <span class='ocrx_word' id='word_1_64' title='bbox 491 871 506 895; x_wconf 88' lang='lat'>‚</span> <span class='ocrx_word' id='word_1_65' title='bbox 526 839 687 902; x_wconf 86' lang='lat' dir='ltr'><strong>partim</strong></span> <span class='ocrx_word' id='word_1_66' title='bbox 706 839 828 887; x_wconf 72' lang='lat' dir='ltr'><strong>faffis</strong></span> <span class='ocrx_word' id='word_1_67' title='bbox 850 839 1067 898; x_wconf 86' lang='lat' dir='ltr'><strong>fortibus,</strong></span> <span class='ocrx_word' id='word_1_68' title='bbox 1086 840 1245 903; x_wconf 87' lang='lat' dir='ltr'><strong>partim</strong></span> <span class='ocrx_word' id='word_1_69' title='bbox 1266 840 1415 902; x_wconf 83' lang='lat' dir='ltr'><strong>suapte</strong></span> 
     </span>
     <span class='ocr_line' id='line_1_11' title="bbox 136 910 1414 976; baseline 0.002 -18"><span class='ocrx_word' id='word_1_70' title='bbox 136 912 320 958; x_wconf 85' lang='lat' dir='ltr'><strong>fortuna</strong></span> <span class='ocrx_word' id='word_1_71' title='bbox 338 911 526 974; x_wconf 84' lang='lat' dir='ltr'><strong>quadam</strong></span> <span class='ocrx_word' id='word_1_72' title='bbox 543 910 735 973; x_wconf 80' lang='lat' dir='ltr'><strong>ingentis</strong></span> <span class='ocrx_word' id='word_1_73' title='bbox 755 912 810 957; x_wconf 85' lang='lat' dir='ltr'><strong>ad</strong></span> <span class='ocrx_word' id='word_1_74' title='bbox 830 910 1104 959; x_wconf 85' lang='lat' dir='ltr'><strong>incrementa</strong></span> <span class='ocrx_word' id='word_1_75' title='bbox 1121 913 1277 976; x_wconf 80' lang='lat' dir='ltr'><strong>gloriae</strong></span> <span class='ocrx_word' id='word_1_76' title='bbox 1300 913 1414 960; x_wconf 91' lang='lat' dir='ltr'><strong>cele·</strong></span> 
     </span>
     <span class='ocr_line' id='line_1_12' title="bbox 136 985 1416 1049; baseline 0.001 -16"><span class='ocrx_word' id='word_1_77' title='bbox 136 988 287 1034; x_wconf 80' lang='lat' dir='ltr'><strong>bratus</strong></span> <span class='ocrx_word' id='word_1_78' title='bbox 302 1022 313 1042; x_wconf 92' lang='lat'><em>,</em></span> <span class='ocrx_word' id='word_1_79' title='bbox 338 996 622 1032; x_wconf 78' lang='lat' dir='ltr'><strong>converterat</strong></span> <span class='ocrx_word' id='word_1_80' title='bbox 641 985 842 1031; x_wconf 80' lang='lat' dir='ltr'><strong>animos:</strong></span> <span class='ocrx_word' id='word_1_81' title='bbox 864 985 990 1048; x_wconf 77' lang='lat' dir='ltr'><strong>simul</strong></span> <span class='ocrx_word' id='word_1_82' title='bbox 1011 988 1060 1034; x_wconf 86' lang='lat'>&amp;</span> <span class='ocrx_word' id='word_1_83' title='bbox 1076 1003 1199 1033; x_wconf 89' lang='lat' dir='ltr'><strong>mens</strong></span> <span class='ocrx_word' id='word_1_84' title='bbox 1219 986 1310 1049; x_wconf 86' lang='lat' dir='ltr'><strong>ipsa</strong></span> <span class='ocrx_word' id='word_1_85' title='bbox 1327 999 1416 1034; x_wconf 83' lang='lat' dir='ltr'><strong>tra-</strong></span> 
     </span>
     <span class='ocr_line' id='line_1_13' title="bbox 135 1056 1416 1121; baseline 0.002 -18"><span class='ocrx_word' id='word_1_86' title='bbox 135 1057 348 1120; x_wconf 76' lang='lat' dir='ltr'><strong>jiciendi,</strong></span> <span class='ocrx_word' id='word_1_87' title='bbox 370 1056 481 1102; x_wconf 89' lang='lat' dir='ltr'><strong>nulli</strong></span> <span class='ocrx_word' id='word_1_88' title='bbox 514 1068 615 1102; x_wconf 87' lang='lat' dir='ltr'><strong>ante</strong></span> <span class='ocrx_word' id='word_1_89' title='bbox 637 1073 692 1102; x_wconf 91' lang='lat' dir='ltr'><strong>eo</strong></span> <span class='ocrx_word' id='word_1_90' title='bbox 719 1056 840 1103; x_wconf 85' lang='lat' dir='ltr'><strong>bello</strong></span> <span class='ocrx_word' id='word_1_91' title='bbox 866 1057 971 1104; x_wconf 91' lang='lat' dir='ltr'><strong>duci</strong></span> <span class='ocrx_word' id='word_1_92' title='bbox 997 1070 1190 1116; x_wconf 86' lang='lat' dir='ltr'><strong>tentata,</strong></span> <span class='ocrx_word' id='word_1_93' title='bbox 1216 1059 1340 1121; x_wconf 87' lang='lat' dir='ltr'><strong>quod</strong></span> <span class='ocrx_word' id='word_1_94' title='bbox 1359 1059 1416 1105; x_wconf 82' lang='lat' dir='ltr'><strong>ad</strong></span> 
     </span>
     <span class='ocr_line' id='line_1_14' title="bbox 136 1128 1413 1187; baseline 0.002 -11"><span class='ocrx_word' id='word_1_95' title='bbox 136 1128 433 1176; x_wconf 81' lang='lat' dir='ltr'><strong>Hannibalem</strong></span> <span class='ocrx_word' id='word_1_96' title='bbox 454 1128 770 1174; x_wconf 85' lang='lat' dir='ltr'><strong>detrahendum</strong></span> <span class='ocrx_word' id='word_1_97' title='bbox 792 1145 846 1174; x_wconf 82' lang='lat' dir='ltr'><strong>ex</strong></span> <span class='ocrx_word' id='word_1_98' title='bbox 867 1128 1014 1187; x_wconf 83' lang='lat' dir='ltr'><strong>Italia,</strong></span> <span class='ocrx_word' id='word_1_99' title='bbox 1039 1129 1413 1178; x_wconf 82' lang='lat' dir='ltr'><strong>transferendum·</strong></span> 
     </span>
     <span class='ocr_line' id='line_1_15' title="bbox 133 1198 1413 1266; baseline 0.002 -19"><span class='ocrx_word' id='word_1_100' title='bbox 133 1218 223 1265; x_wconf 89' lang='lat' dir='ltr'><strong>que</strong></span> <span class='ocrx_word' id='word_1_101' title='bbox 243 1203 290 1248; x_wconf 85' lang='lat'>&amp;</span> <span class='ocrx_word' id='word_1_102' title='bbox 307 1199 551 1245; x_wconf 82' lang='lat' dir='ltr'><strong>finiendum</strong></span> <span class='ocrx_word' id='word_1_103' title='bbox 568 1199 614 1245; x_wconf 88' lang='lat' dir='ltr'><strong>in</strong></span> <span class='ocrx_word' id='word_1_104' title='bbox 631 1198 781 1246; x_wconf 88' lang='lat' dir='ltr'><strong>Africa</strong></span> <span class='ocrx_word' id='word_1_105' title='bbox 800 1199 989 1258; x_wconf 87' lang='lat' dir='ltr'><strong>bellum,</strong></span> <span class='ocrx_word' id='word_1_106' title='bbox 1004 1200 1044 1247; x_wconf 90' lang='lat' dir='ltr'><strong>se</strong></span> <span class='ocrx_word' id='word_1_107' title='bbox 1061 1202 1241 1249; x_wconf 79' lang='lat' dir='ltr'><strong>tranfire</strong></span> <span class='ocrx_word' id='word_1_108' title='bbox 1259 1202 1413 1266; x_wconf 78' lang='lat' dir='ltr'><strong>vulga·-</strong></span> 
     </span>
     <span class='ocr_line' id='line_1_16' title="bbox 134 1270 1415 1336; baseline -0.001 -14"><span class='ocrx_word' id='word_1_109' title='bbox 134 1285 275 1322; x_wconf 78' lang='lat' dir='ltr'><strong>verat‚</strong></span> <span class='ocrx_word' id='word_1_110' title='bbox 295 1273 602 1319; x_wconf 88' lang='lat' dir='ltr'><strong>Concurrerat</strong></span> <span class='ocrx_word' id='word_1_111' title='bbox 620 1272 675 1318; x_wconf 86' lang='lat' dir='ltr'><strong>ad</strong></span> <span class='ocrx_word' id='word_1_112' title='bbox 694 1270 985 1334; x_wconf 58' lang='lat' dir='ltr'><strong>spectaculum</strong></span> <span class='ocrx_word' id='word_1_113' title='bbox 1003 1273 1049 1319; x_wconf 88' lang='lat' dir='ltr'><strong>in</strong></span> <span class='ocrx_word' id='word_1_114' title='bbox 1065 1285 1245 1336; x_wconf 84' lang='lat' dir='ltr'><strong>portum</strong></span> <span class='ocrx_word' id='word_1_115' title='bbox 1264 1275 1415 1322; x_wconf 87' lang='lat' dir='ltr'><strong>omnis</strong></span> 
     </span>
     <span class='ocr_line' id='line_1_17' title="bbox 131 1347 1413 1412; baseline 0.001 -18"><span class='ocrx_word' id='word_1_116' title='bbox 131 1348 261 1394; x_wconf 83' lang='lat' dir='ltr'><strong>turba</strong></span> <span class='ocrx_word' id='word_1_117' title='bbox 274 1383 290 1404; x_wconf 87' lang='lat'><em>‚</em></span> <span class='ocrx_word' id='word_1_118' title='bbox 309 1363 404 1394; x_wconf 90' lang='lat' dir='ltr'><strong>non</strong></span> <span class='ocrx_word' id='word_1_119' title='bbox 426 1347 716 1394; x_wconf 80' lang='lat' dir='ltr'><strong>habitantium</strong></span> <span class='ocrx_word' id='word_1_120' title='bbox 734 1348 874 1394; x_wconf 89' lang='lat' dir='ltr'><strong>modo</strong></span> <span class='ocrx_word' id='word_1_121' title='bbox 894 1348 1109 1412; x_wconf 85' lang='lat' dir='ltr'><strong>Lilybaei,</strong></span> <span class='ocrx_word' id='word_1_122' title='bbox 1138 1348 1210 1394; x_wconf 87' lang='lat' dir='ltr'><strong>sed</strong></span> <span class='ocrx_word' id='word_1_123' title='bbox 1229 1349 1413 1412; x_wconf 81' lang='lat' dir='ltr'><strong>legatio-</strong></span> 
     </span>
     <span class='ocr_line' id='line_1_18' title="bbox 131 1417 1412 1483; baseline 0.001 -18"><span class='ocrx_word' id='word_1_124' title='bbox 131 1436 242 1466; x_wconf 87' lang='lat' dir='ltr'><strong>num</strong></span> <span class='ocrx_word' id='word_1_125' title='bbox 270 1419 476 1466; x_wconf 90' lang='lat' dir='ltr'><strong>omnium</strong></span> <span class='ocrx_word' id='word_1_126' title='bbox 503 1435 560 1465; x_wconf 82' lang='lat' dir='ltr'><strong>ex</strong></span> <span class='ocrx_word' id='word_1_127' title='bbox 588 1417 762 1466; x_wconf 83' lang='lat' dir='ltr'><strong>Sicilia:</strong></span> <span class='ocrx_word' id='word_1_128' title='bbox 783 1436 885 1482; x_wconf 85' lang='lat' dir='ltr'><strong>quae</strong></span> <span class='ocrx_word' id='word_1_129' title='bbox 904 1422 953 1467; x_wconf 89' lang='lat'>&amp;</span> <span class='ocrx_word' id='word_1_130' title='bbox 979 1419 1034 1466; x_wconf 89' lang='lat' dir='ltr'><strong>ad</strong></span> <span class='ocrx_word' id='word_1_131' title='bbox 1053 1419 1412 1483; x_wconf 82' lang='lat' dir='ltr'><strong>prosequendum</strong></span> 
     </span>
     <span class='ocr_line' id='line_1_19' title="bbox 130 1491 1439 1556; baseline 0.002 -18"><span class='ocrx_word' id='word_1_132' title='bbox 130 1492 389 1554; x_wconf 84' lang='lat' dir='ltr'><strong>Scipionem</strong></span> <span class='ocrx_word' id='word_1_133' title='bbox 413 1491 556 1539; x_wconf 87' lang='lat' dir='ltr'><strong>officii</strong></span> <span class='ocrx_word' id='word_1_134' title='bbox 575 1491 703 1539; x_wconf 88' lang='lat' dir='ltr'><strong>causa</strong></span> <span class='ocrx_word' id='word_1_135' title='bbox 736 1505 1074 1550; x_wconf 83' lang='lat' dir='ltr'><strong>convenerant,</strong></span> <span class='ocrx_word' id='word_1_136' title='bbox 1093 1496 1142 1541; x_wconf 85' lang='lat'>&amp;</span> <span class='ocrx_word' id='word_1_137' title='bbox 1171 1505 1411 1556; x_wconf 61' lang='lat' dir='ltr'><strong>praetorem</strong></span> <span class='ocrx_word' id='word_1_138' title='bbox 1436 1506 1439 1511; x_wconf 83' lang='lat'>&#39;</span> 
     </span>
     <span class='ocr_line' id='line_1_20' title="bbox 129 1564 1410 1627; baseline 0.002 -17"><span class='ocrx_word' id='word_1_139' title='bbox 129 1565 386 1627; x_wconf 79' lang='lat' dir='ltr'><strong>provinciae</strong></span> <span class='ocrx_word' id='word_1_140' title='bbox 413 1565 486 1611; x_wconf 82' lang='lat' dir='ltr'><strong>M.&#39;</strong></span> <span class='ocrx_word' id='word_1_141' title='bbox 499 1564 801 1626; x_wconf 89' lang='lat' dir='ltr'><strong>Pomponium</strong></span> <span class='ocrx_word' id='word_1_142' title='bbox 828 1564 986 1613; x_wconf 81' lang='lat' dir='ltr'><strong>secutae</strong></span> <span class='ocrx_word' id='word_1_143' title='bbox 1019 1564 1206 1613; x_wconf 70' lang='lat' dir='ltr'><strong>fuerant,</strong></span> <span class='ocrx_word' id='word_1_144' title='bbox 1241 1565 1296 1611; x_wconf 87' lang='lat' dir='ltr'><strong>ad</strong></span> <span class='ocrx_word' id='word_1_145' title='bbox 1320 1566 1410 1613; x_wconf 80' lang='lat' dir='ltr'><strong>hoc</strong></span> 
     </span>
     <span class='ocr_line' id='line_1_21' title="bbox 128 1636 1408 1701; baseline 0.001 -18"><span class='ocrx_word' id='word_1_146' title='bbox 128 1636 356 1700; x_wconf 83' lang='lat' dir='ltr'><strong>legiones,</strong></span> <span class='ocrx_word' id='word_1_147' title='bbox 372 1654 475 1700; x_wconf 85' lang='lat' dir='ltr'><strong>quae</strong></span> <span class='ocrx_word' id='word_1_148' title='bbox 503 1637 550 1683; x_wconf 89' lang='lat' dir='ltr'><strong>in</strong></span> <span class='ocrx_word' id='word_1_149' title='bbox 578 1637 728 1684; x_wconf 84' lang='lat' dir='ltr'><strong>Sicilia</strong></span> <span class='ocrx_word' id='word_1_150' title='bbox 754 1637 1151 1701; x_wconf 82' lang='lat' dir='ltr'><strong>relinquebantur,</strong></span> <span class='ocrx_word' id='word_1_151' title='bbox 1175 1638 1229 1684; x_wconf 87' lang='lat' dir='ltr'><strong>ad</strong></span> <span class='ocrx_word' id='word_1_152' title='bbox 1259 1639 1408 1700; x_wconf 84' lang='lat' dir='ltr'><strong>prose-</strong></span> 
     </span>
     <span class='ocr_line' id='line_1_22' title="bbox 127 1709 1411 1773; baseline 0.002 -20"><span class='ocrx_word' id='word_1_153' title='bbox 127 1709 334 1771; x_wconf 85' lang='lat' dir='ltr'><strong>quendos</strong></span> <span class='ocrx_word' id='word_1_154' title='bbox 352 1709 686 1757; x_wconf 88' lang='lat' dir='ltr'><strong>commilitones</strong></span> <span class='ocrx_word' id='word_1_155' title='bbox 704 1711 1001 1773; x_wconf 82' lang='lat' dir='ltr'><strong>processerant</strong></span> <span class='ocrx_word' id='word_1_156' title='bbox 1020 1730 1029 1758; x_wconf 93' lang='lat'>:</span> <span class='ocrx_word' id='word_1_157' title='bbox 1050 1728 1134 1760; x_wconf 84' lang='lat' dir='ltr'><strong>nec</strong></span> <span class='ocrx_word' id='word_1_158' title='bbox 1156 1711 1293 1758; x_wconf 81' lang='lat' dir='ltr'><strong>claffis</strong></span> <span class='ocrx_word' id='word_1_159' title='bbox 1312 1728 1411 1757; x_wconf 85' lang='lat' dir='ltr'><strong>mo·</strong></span> 
     </span>
     <span class='ocr_line' id='line_1_23' title="bbox 128 1781 1409 1843; baseline 0.003 -18"><span class='ocrx_word' id='word_1_160' title='bbox 128 1781 191 1826; x_wconf 83' lang='lat' dir='ltr'><strong>&lt;lo</strong></span> <span class='ocrx_word' id='word_1_161' title='bbox 224 1781 606 1843; x_wconf 62' lang='lat' dir='ltr'><strong>prospefilantibus</strong></span> <span class='ocrx_word' id='word_1_162' title='bbox 634 1796 658 1826; x_wconf 89' lang='lat' dir='ltr'><strong>e</strong></span> <span class='ocrx_word' id='word_1_163' title='bbox 682 1792 824 1839; x_wconf 86' lang='lat' dir='ltr'><strong>terra,</strong></span> <span class='ocrx_word' id='word_1_164' title='bbox 846 1781 918 1828; x_wconf 87' lang='lat' dir='ltr'><strong>sed</strong></span> <span class='ocrx_word' id='word_1_165' title='bbox 950 1794 1066 1829; x_wconf 84' lang='lat' dir='ltr'><strong>terra</strong></span> <span class='ocrx_word' id='word_1_166' title='bbox 1097 1782 1228 1829; x_wconf 83' lang='lat' dir='ltr'><strong>etiam</strong></span> <span class='ocrx_word' id='word_1_167' title='bbox 1261 1783 1409 1830; x_wconf 84' lang='lat' dir='ltr'><strong>omnis</strong></span> 
     </span>
     <span class='ocr_line' id='line_1_24' title="bbox 126 1846 1349 1918; baseline 0.002 -19"><span class='ocrx_word' id='word_1_168' title='bbox 126 1852 246 1899; x_wconf 81' lang='lat' dir='ltr'><strong>circa</strong></span> <span class='ocrx_word' id='word_1_169' title='bbox 268 1853 428 1900; x_wconf 84' lang='lat' dir='ltr'><strong>referta</strong></span> <span class='ocrx_word' id='word_1_170' title='bbox 447 1855 574 1900; x_wconf 86' lang='lat' dir='ltr'><strong>turba</strong></span> <span class='ocrx_word' id='word_1_171' title='bbox 594 1852 843 1916; x_wconf 71' lang='lat' dir='ltr'><strong>spe&amp;aculo</strong></span> <span class='ocrx_word' id='word_1_172' title='bbox 869 1854 1181 1918; x_wconf 83' lang='lat' dir='ltr'><strong>navigantibus</strong></span> <span class='ocrx_word' id='word_1_173' title='bbox 1203 1867 1310 1901; x_wconf 84' lang='lat' dir='ltr'><strong>erat.</strong></span> <span class='ocrx_word' id='word_1_174' title='bbox 1343 1846 1349 1852; x_wconf 55' lang='grc'><strong><em>’</em></strong></span> 
     </span>
     <span class='ocr_line' id='line_1_25' title="bbox 211 1925 1408 1989; baseline 0.003 -19"><span class='ocrx_word' id='word_1_175' title='bbox 211 1926 402 1974; x_wconf 87' lang='lat' dir='ltr'>XXVII.</span> <span class='ocrx_word' id='word_1_176' title='bbox 439 1927 531 1973; x_wconf 86' lang='lat' dir='ltr'><strong>Ubi</strong></span> <span class='ocrx_word' id='word_1_177' title='bbox 561 1925 739 1983; x_wconf 83' lang='lat' dir='ltr'><strong>illuxit,</strong></span> <span class='ocrx_word' id='word_1_178' title='bbox 772 1925 923 1989; x_wconf 86' lang='lat' dir='ltr'><strong>Scipio</strong></span> <span class='ocrx_word' id='word_1_179' title='bbox 958 1943 982 1972; x_wconf 90' lang='lat' dir='ltr'><strong>e</strong></span> <span class='ocrx_word' id='word_1_180' title='bbox 1014 1927 1224 1989; x_wconf 80' lang='lat' dir='ltr'><strong>praetoria</strong></span> <span class='ocrx_word' id='word_1_181' title='bbox 1260 1944 1408 1986; x_wconf 82' lang='lat' dir='ltr'><strong>nave,</strong></span> 
     </span>
     <span class='ocr_line' id='line_1_26' title="bbox 126 1996 1408 2061; baseline 0.001 -17"><span class='ocrx_word' id='word_1_182' title='bbox 126 1996 304 2044; x_wconf 72' lang='lat' dir='ltr'><strong>silentio</strong></span> <span class='ocrx_word' id='word_1_183' title='bbox 342 2016 423 2060; x_wconf 84' lang='lat' dir='ltr'><strong>per</strong></span> <span class='ocrx_word' id='word_1_184' title='bbox 452 2015 708 2061; x_wconf 74' lang='lat' dir='ltr'><strong>praeconem</strong></span> <span class='ocrx_word' id='word_1_185' title='bbox 747 1997 894 2052; x_wconf 56' lang='lat' dir='ltr'><strong>facto,</strong></span> <span class='ocrx_word' id='word_1_186' title='bbox 927 2003 1042 2047; x_wconf 78' lang='lat' dir='ltr'><strong>Divi</strong></span> <span class='ocrx_word' id='word_1_187' title='bbox 1070 2002 1298 2061; x_wconf 73' lang='lat' dir='ltr'><strong>Divaeque,</strong></span> <span class='ocrx_word' id='word_1_188' title='bbox 1334 2000 1408 2045; x_wconf 86' lang='lat' dir='ltr'><strong>in-</strong></span> 
     </span>
     <span class='ocr_line' id='line_1_27' title="bbox 124 2068 1402 2134; baseline 0.004 -21"><span class='ocrx_word' id='word_1_189' title='bbox 124 2068 251 2132; x_wconf 80' lang='lat' dir='ltr'><strong>quit,</strong></span> <span class='ocrx_word' id='word_1_190' title='bbox 284 2073 422 2117; x_wconf 82' lang='lat' dir='ltr'><strong>maria</strong></span> <span class='ocrx_word' id='word_1_191' title='bbox 451 2075 650 2133; x_wconf 59' lang='lat' dir='ltr'><strong>terrasssJue</strong></span> <span class='ocrx_word' id='word_1_192' title='bbox 680 2073 751 2133; x_wconf 83' lang='lat' dir='ltr'><strong>qui</strong></span> <span class='ocrx_word' id='word_1_193' title='bbox 784 2075 947 2130; x_wconf 81' lang='lat' dir='ltr'><strong>colitis,</strong></span> <span class='ocrx_word' id='word_1_194' title='bbox 981 2092 1056 2120; x_wconf 72' lang='lat' dir='ltr'><strong>vos</strong></span> <span class='ocrx_word' id='word_1_195' title='bbox 1083 2092 1223 2133; x_wconf 72' lang='lat' dir='ltr'><strong>precor</strong></span> <span class='ocrx_word' id='word_1_196' title='bbox 1251 2075 1402 2134; x_wconf 66' lang='lat' dir='ltr'><strong>quagsb-</strong></span> 
     </span>
     <span class='ocr_line' id='line_1_28' title="bbox 124 2145 1404 2214; baseline 0.003 -27"><span class='ocrx_word' id='word_1_197' title='bbox 124 2162 226 2203; x_wconf 71' lang='lat' dir='ltr'><strong>que,</strong></span> <span class='ocrx_word' id='word_1_198' title='bbox 256 2145 345 2201; x_wconf 75' lang='lat' dir='ltr'><strong>uti,</strong></span> <span class='ocrx_word' id='word_1_199' title='bbox 379 2163 464 2205; x_wconf 81' lang='lat' dir='ltr'><strong>quae</strong></span> <span class='ocrx_word' id='word_1_200' title='bbox 493 2148 539 2190; x_wconf 75' lang='lat' dir='ltr'><strong>itz</strong></span> <span class='ocrx_word' id='word_1_201' title='bbox 570 2165 656 2192; x_wconf 83' lang='lat' dir='ltr'><strong>meo</strong></span> <span class='ocrx_word' id='word_1_202' title='bbox 690 2149 859 2206; x_wconf 80' lang='lat' dir='ltr'><strong>imperio</strong></span> <span class='ocrx_word' id='word_1_203' title='bbox 883 2150 993 2214; x_wconf 52' lang='lat' dir='ltr'><strong>gesta</strong></span> <span class='ocrx_word' id='word_1_204' title='bbox 1015 2148 1150 2208; x_wconf 74' lang='lat' dir='ltr'><strong>sunt,</strong></span> <span class='ocrx_word' id='word_1_205' title='bbox 1177 2163 1404 2209; x_wconf 61' lang='lat' dir='ltr'><strong>geruntur,</strong></span> 
     </span>
     <span class='ocr_line' id='line_1_29' title="bbox 118 2217 1403 2280; baseline 0.004 -21"><span class='ocrx_word' id='word_1_206' title='bbox 118 2217 282 2279; x_wconf 73' lang='lat' dir='ltr'><strong>postque</strong></span> <span class='ocrx_word' id='word_1_207' title='bbox 306 2234 515 2277; x_wconf 72' lang='lat' dir='ltr'><strong>gerentur,</strong></span> <span class='ocrx_word' id='word_1_208' title='bbox 544 2236 591 2262; x_wconf 86' lang='lat' dir='ltr'><strong>ea</strong></span> <span class='ocrx_word' id='word_1_209' title='bbox 615 2220 720 2263; x_wconf 75' lang='lat' dir='ltr'><strong>mila·</strong></span> <span class='ocrx_word' id='word_1_210' title='bbox 737 2254 751 2276; x_wconf 85' lang='lat'>‚</span> <span class='ocrx_word' id='word_1_211' title='bbox 775 2223 931 2280; x_wconf 80' lang='lat' dir='ltr'><strong>populo</strong></span> <span class='ocrx_word' id='word_1_212' title='bbox 955 2223 1144 2280; x_wconf 79' lang='lat' dir='ltr'><strong>plebique</strong></span> <span class='ocrx_word' id='word_1_213' title='bbox 1173 2222 1403 2276; x_wconf 70' lang='lat' dir='ltr'><strong>Romame,</strong></span> 
     </span>
     <span class='ocr_line' id='line_1_30' title="bbox 112 2287 1404 2353; baseline 0.002 -22"><span class='ocrx_word' id='word_1_214' title='bbox 112 2287 246 2349; x_wconf 80' lang='lat' dir='ltr'><strong>sociis</strong></span> <span class='ocrx_word' id='word_1_215' title='bbox 278 2289 517 2348; x_wconf 78' lang='lat' dir='ltr'><strong>nominique</strong></span> <span class='ocrx_word' id='word_1_216' title='bbox 552 2292 736 2347; x_wconf 81' lang='lat' dir='ltr'><strong>Latino,</strong></span> <span class='ocrx_word' id='word_1_217' title='bbox 772 2294 841 2351; x_wconf 79' lang='lat' dir='ltr'><strong>qui</strong></span> <span class='ocrx_word' id='word_1_218' title='bbox 868 2295 1021 2353; x_wconf 79' lang='lat' dir='ltr'><strong>populi</strong></span> <span class='ocrx_word' id='word_1_219' title='bbox 1053 2295 1275 2347; x_wconf 80' lang='lat' dir='ltr'><strong>Romani,</strong></span> <span class='ocrx_word' id='word_1_220' title='bbox 1311 2293 1404 2351; x_wconf 71' lang='lat' dir='ltr'><strong>qui-</strong></span> 
     </span>
     <span class='ocr_line' id='line_1_31' title="bbox 124 2362 1402 2426; baseline 0.002 -20"><span class='ocrx_word' id='word_1_221' title='bbox 124 2380 197 2421; x_wconf 78' lang='lat' dir='ltr'><strong>que</strong></span> <span class='ocrx_word' id='word_1_222' title='bbox 213 2381 344 2407; x_wconf 74' lang='lat' dir='ltr'><strong>meam</strong></span> <span class='ocrx_word' id='word_1_223' title='bbox 361 2362 518 2422; x_wconf 68' lang='lat' dir='ltr'><strong>seflam</strong></span> <span class='ocrx_word' id='word_1_224' title='bbox 531 2398 545 2421; x_wconf 86' lang='lat'>,</span> <span class='ocrx_word' id='word_1_225' title='bbox 567 2364 779 2423; x_wconf 81' lang='lat' dir='ltr'><strong>imperium</strong></span> <span class='ocrx_word' id='word_1_226' title='bbox 794 2399 809 2422; x_wconf 90' lang='lat'>,</span> <span class='ocrx_word' id='word_1_227' title='bbox 830 2366 1134 2426; x_wconf 70' lang='lat' dir='ltr'><strong>auspiciumque</strong></span> <span class='ocrx_word' id='word_1_228' title='bbox 1161 2380 1265 2409; x_wconf 78' lang='lat' dir='ltr'><strong>terra</strong></span> <span class='ocrx_word' id='word_1_229' title='bbox 1278 2397 1291 2419; x_wconf 90' lang='lat'>‚</span> <span class='ocrx_word' id='word_1_230' title='bbox 1311 2382 1402 2408; x_wconf 74' lang='lat' dir='ltr'><strong>ma=</strong></span> 
     </span>
     <span class='ocr_line' id='line_1_32' title="bbox 123 2436 1401 2499; baseline -0.001 -15"><span class='ocrx_word' id='word_1_231' title='bbox 123 2436 185 2493; x_wconf 63' lang='grc' dir='ltr'><strong>Τί,</strong></span> <span class='ocrx_word' id='word_1_232' title='bbox 210 2436 478 2497; x_wconf 62' lang='lat' dir='ltr'><strong>amnibusque</strong></span> <span class='ocrx_word' id='word_1_233' title='bbox 495 2437 755 2499; x_wconf 77' lang='lat' dir='ltr'><strong>fiquuntur,</strong></span> <span class='ocrx_word' id='word_1_234' title='bbox 781 2441 876 2487; x_wconf 77' lang='lat' dir='ltr'><strong>bene</strong></span> <span class='ocrx_word' id='word_1_235' title='bbox 901 2454 1164 2488; x_wconf 67' lang='lat' dir='ltr'><strong>verruncent:</strong></span> <span class='ocrx_word' id='word_1_236' title='bbox 1187 2455 1308 2498; x_wconf 77' lang='lat' dir='ltr'><strong>eaque</strong></span> <span class='ocrx_word' id='word_1_237' title='bbox 1326 2454 1401 2485; x_wconf 64' lang='lat' dir='ltr'><strong>vos</strong></span> 
     </span>
    </p>
   </div>
  </div>
 </body>
</html>
