1592 2724
260 169 800 221 HISTORIARUM
837 171 958 218 LIB.
982 171 1211 219 XXXIV.
1278 187 1367 235 433

99 291 149 326 ut
166 295 237 326 eas
254 296 395 327 voces
413 316 427 336 ,
451 279 576 326 velut
595 278 784 324 oraculo
805 277 948 324 missas
963 313 977 334 ‚
1008 277 1053 323 in
1077 278 1255 339 peftora
1275 279 1376 325 ειηί-Ἴ

99 353 286 416 mosque
319 352 613 399 demitterent.
656 350 846 396 Silentio
879 351 1037 396 deinde
1070 350 1213 409 saeco,
1245 353 1375 414 petiit

98 424 154 471 ab
180 425 254 483 iis,
285 437 334 471 ut
353 424 476 472 civ'es
498 425 760 479 Romanos,
794 422 825 467 fi
850 421 929 485 qui
962 422 1079 484 apud
1101 439 1178 470 eos
1208 423 1254 468 in
1284 423 1374 470 ser·-

100 497 246 545 vitute
269 497 434 553 essent,
471 495 747 559 conquisitos
776 495 890 540 intra
921 495 1035 540 duos
1069 495 1235 545 menses
1267 498 1375 543 mit-

99 580 245 617 terent
268 571 323 616 ad
342 570 382 616 se
408 570 454 615 in
473 568 749 616 Thessaliam.
778 571 841 614 Ne
868 568 966 631 ipsis
985 570 1147 628 quidem
1171 571 1375 634 honssmn

99 644 196 708 effe,
225 649 270 692 in
303 649 471 692 liberata
502 662 605 691 terra
634 646 864 689 liberatores
888 643 975 699 ejas
993 643 1161 702 firvire.
1200 644 1374 689 Omnes

100 718 424 775 acclamarunt,
451 719 613 778 gratias
629 717 678 776 se
708 719 813 761 inter
830 732 953 761 cetera
973 718 1096 760 etiam
1121 718 1170 760 ob
1187 717 1263 761 lzoc
1279 734 1377 776 age·

101 808 140 836 re
157 825 172 847 ‚
203 793 314 851 quod
338 791 544 835 admoniti
571 786 718 852 (stent,
748 805 794 833 ut
812 805 897 833 tam
916 791 1018 847 pio,
1046 803 1132 832 tam
1157 787 1374 850 neceffizrio

101 865 240 926 officio
254 863 538 923 fungerentur.
578 862 735 923 Ingens
767 875 977 905 numerus
1012 870 1104 905 erat
1134 858 1254 904 bello
1286 860 1376 905 Pu-

102 935 212 980 nico
245 945 510 995 captorum,
544 948 660 995 quos
691 930 942 988 Hannibal,
973 947 1072 977 cum
1109 947 1133 976 a
1165 929 1249 976 suis
1283 947 1377 978 non

102 1005 446 1062 redimerentur,
482 1004 841 1052 venumdederat.
880 1002 1178 1049 Multitudinis
1217 1019 1377 1049 eorum

102 1090 413 1143 argumentum
430 1076 509 1134 fit,
534 1076 658 1140 quod
677 1077 892 1141 Polybius
909 1075 1083 1131 scribit,
1107 1087 1287 1123 centum
1315 1088 1379 1123 ta·

101 1151 232 1198 lentis
251 1166 344 1197 eam
374 1166 467 1195 rem
486 1148 663 1196 Achaeis
689 1148 871 1196 stetisse:
903 1166 1008 1196 curn
1027 1149 1277 1212 quingenos
1300 1151 1379 1196 de-

104 1225 257 1272 narios
279 1223 472 1287 pretium
505 1223 551 1269 in
583 1223 723 1286 capita
741 1259 754 1282 ,
784 1223 909 1286 quod
939 1223 1195 1270 redderetur
1228 1224 1379 1272 domi·

103 1298 206 1357 nis,
245 1297 499 1345 statuissent.
552 1297 676 1343 Mille
709 1297 826 1344 enim
865 1299 1081 1344 ducentos
1119 1314 1169 1345 ea
1204 1299 1382 1345 ratione

105 1369 276 1429 Achaia
296 1370 467 1416 habuit.
490 1368 646 1429 Adjice
667 1386 786 1416 nunc
808 1385 891 1431 pro
910 1369 1149 1431 portione,
1169 1384 1282 1434 quot
1303 1387 1382 1417 ve-

106 1441 287 1489 rifimile
313 1440 364 1486 fit
381 1452 523 1485 totam
550 1440 771 1486 Graeciam
799 1439 1005 1485 habuiffe.
1033 1441 1247 1487 Nondum
1270 1457 1382 1488 con-

106 1525 272 1560 ventus
295 1511 486 1557 dimissus
506 1522 617 1567 erat,
639 1527 738 1557 cum
765 1509 1007 1572 respiciunt
1027 1511 1275 1572 praesidium
1292 1547 1304 1567 ‚
1326 1513 1382 1558 ab

105 1584 446 1633 Acrocorintho
470 1583 758 1640 descendens,
782 1583 987 1644 protinus
1009 1583 1062 1629 ad
1083 1596 1259 1645 portam
1279 1584 1382 1631 duci

107 1672 243 1722 atque
278 1658 411 1705 abire.
453 1660 665 1717 Quorum
700 1673 855 1718 agmen
892 1656 1138 1718 imperator
1175 1657 1381 1713 secutus,

109 1731 481 1795 prosequentibus
498 1729 667 1776 cunetis
683 1764 696 1785 ‚
717 1729 989 1775 servatorem
1009 1728 1382 1792 liberatoremque

109 1802 480 1858 acclamantibus,
503 1800 693 1847 salutatis
711 1799 974 1862 dimiffisque
993 1799 1076 1858 eis,
1102 1802 1276 1858 eadem,
1298 1818 1384 1864 qua

110 1888 321 1932 venerat,
339 1874 417 1922 via
434 1874 621 1920 Elatiam
646 1873 792 1920 rediit.
828 1873 931 1920 inde
952 1890 1054 1919 cum
1072 1874 1282 1920 omnibus
1303 1891 1386 1921 co-

108 1948 197 2012 piis
216 1950 300 2010 Ap.
318 1945 556 1993 Claudium
578 1946 772 2008 legatum
793 1944 990 1992 dimittit.
1020 1961 1100 2007 per
1112 1946 1383 1994 Thessaliam

110 2034 244 2084 atque
273 2020 454 2083 Epirum
488 2020 649 2066 ducere
679 2018 866 2065 Oricum
900 2016 1054 2077 jubet,
1088 2029 1219 2079 atque
1246 2018 1307 2062 ibi
1343 2019 1385 2064 se

110 2092 328 2155 opperiri.
373 2092 478 2137 inde
512 2108 703 2154 namque
737 2091 783 2137 in
815 2091 968 2136 animo
1000 2090 1109 2147 effe,
1138 2091 1383 2137 exercitum

113 2165 161 2212 in
187 2164 354 2210 Italiam
384 2161 602 2223 trajicere.
641 2165 691 2210 δε
720 2165 769 2211 L.
789 2162 1009 2224 Quinffio
1040 2162 1197 2220 fratri,
1235 2162 1386 2225 legato

113 2239 164 2284 ὅ(
196 2235 405 2299 praefeilo
431 2234 597 2292 datiis,
633 2234 782 2282 scribit
801 2271 814 2293 ‚
849 2248 898 2281 ut
922 2236 1145 2282 onerarias
1177 2251 1232 2282 ex
1259 2235 1386 2282 omni

114 2309 307 2359 Graeciae
333 2325 413 2354 ora
446 2309 605 2354 eodem
635 2309 934 2354 contraheret.

181 2385 248 2427 LI.
285 2380 374 2442 lpse
392 2416 406 2437 ,
440 2380 698 2426 Chalcidem
731 2380 986 2442 profedius,
1013 2378 1208 2425 deduffis
1238 2395 1331 2425 non
1360 2396 1385 2427 a

118 2453 330 2500 Chalcide
360 2451 500 2498 solum
516 2488 529 2510 ‚
560 2452 632 2500 sed
659 2453 792 2500 etiam
818 2453 871 2511 ab
890 2453 1016 2499 Oreo
1041 2463 1170 2512 atque
1191 2450 1383 2511 Eretria,

187 2527 236 2574 T.
254 2529 346 2573 Liv.
375 2529 470 2573 Vol.
501 2529 556 2578 V,
1069 2525 1136 2570 Ee
