1592 2724
302 165 844 215 HISTORIARUM
879 165 1002 211 LIB.
1039 163 1216 210 XXKX.
1345 161 1404 225 83

128 292 227 322 non
260 274 437 322 fecisset.
476 272 706 336 Egregiam
727 270 842 315 hanc
870 268 983 314 alam
1003 269 1205 331 equitum
1227 268 1408 315 evasisse

129 349 314 404 ferunt,
351 347 587 409 multisque
623 344 792 407 proeliis
827 340 1148 404 rempublicam
1184 342 1411 402 adjuvisse.

129 424 352 487 Legiones
381 423 484 468 inde
507 438 610 480 cum
632 419 893 480 inspiceret,
915 416 1214 478 plurimorum
1246 416 1412 477 stipen-

131 497 312 542 diorum
333 514 388 543 ex
418 495 470 542 iis
489 494 651 540 milites
671 491 835 556 delegit
852 508 865 546 3
887 489 1080 536 maxime
1099 489 1174 550 qui
1197 488 1274 534 sub
1298 490 1412 534 duce

132 572 353 617 Marcello
385 567 709 615 militaverant:
746 581 861 628 quos
891 580 992 610 cum
1023 562 1194 624 optima
1214 560 1413 622 discipli-

135 658 193 687 na
227 640 452 686 institutos
489 638 718 693 credebat,
744 647 840 681 tum
868 634 1000 680 etiam
1027 633 1082 679 ab
1114 632 1251 694 longa
1280 631 1417 694 Syra-

135 713 338 763 cusarum
374 711 609 760 obsidione
639 708 926 773 peritissimos
955 707 1038 752 effe
1064 706 1241 752 urbium
1265 721 1416 766 oppu-

136 787 425 851 gnandarum.
472 784 584 831 nihil
621 782 739 829 enim
771 797 989 843 parvum,
1025 778 1098 824 sed
1133 777 1418 840 Carthaginis

136 853 225 925 jam
261 861 436 909 excidia
473 859 666 924 agitabat
700 857 867 904 animo.
911 855 1019 900 Inde
1051 853 1299 900 exercitum
1338 869 1423 915 per.

139 937 306 999 oppida
326 935 552 998 dispertit:
585 933 858 980 frumentum
876 931 1129 977 Siculorum
1159 928 1420 975 civitatibus

139 1010 360 1072 imperat;
394 1026 449 1055 ex
484 1008 604 1055 Italia
640 1007 829 1054 adve&o
862 1006 1033 1068 parcit:
1074 1015 1247 1050 veteres
1282 1018 1422 1049 naves

142 1082 308 1139 reficit,
339 1085 388 1130 &
408 1099 509 1129 cum
541 1081 593 1127 iis
615 1082 664 1127 C.
686 1081 871 1126 Laelium
891 1080 935 1125 in
957 1079 1151 1124 Africam
1175 1077 1420 1139 praedatum

143 1156 312 1211 mittit3
336 1171 481 1200 novas
497 1153 707 1199 Panormi
729 1151 958 1208 subducit,
976 1152 1077 1212 quia
1100 1167 1154 1196 ex
1176 1149 1311 1195 viridi
1331 1166 1424 1195 ma·

142 1228 253 1273 teria
279 1225 439 1288 raptim
475 1224 600 1270 faCtae
628 1236 754 1269 erant
773 1259 786 1279 ,
820 1235 869 1268 ut
903 1223 949 1268 in
979 1222 1096 1268 sicco
1126 1221 1428 1268 hibernarent.

143 1297 402 1362 Praeparatis
436 1297 646 1342 omnibus
684 1295 738 1341 ad
770 1296 968 1351 bellum,
1005 1294 1270 1358 Syracusas,
1302 1311 1426 1339 non-

146 1372 254 1418 dum
288 1387 344 1416 ex
369 1368 538 1433 magnis
565 1367 669 1414 belli
695 1367 891 1413 motibus
920 1366 1019 1414 satis
1041 1366 1323 1428 tranquillas,
1344 1381 1427 1411 ve-

147 1443 231 1490 nit.
265 1440 415 1488 Graeci
446 1457 512 1486 res
539 1456 563 1486 a
592 1438 854 1503 quibusdam
873 1438 1013 1484 Italici
1042 1438 1244 1501 generis,
1271 1438 1426 1494 eadem

148 1514 229 1571 vi,
263 1531 350 1577 qua
381 1529 458 1575 per
484 1512 651 1558 bellum
679 1525 918 1573 ceperant,
954 1510 1276 1567 retinentibus,
1311 1526 1430 1556 con-

147 1585 282 1634 cessas
304 1585 383 1631 fibi
407 1585 458 1631 ab
489 1583 663 1641 senatu,
688 1584 960 1645 repetebant.
991 1582 1211 1631 Omnium
1234 1583 1430 1645 primum

150 1673 273 1708 ratus
304 1658 419 1706 tueri
437 1656 660 1720 publicam
683 1655 842 1714 fidem,
879 1656 1040 1718 partim
1064 1655 1207 1701 edicto
1226 1691 1238 1711 ‚
1267 1656 1429 1715 partim

150 1732 328 1797 judiciis
349 1730 480 1777 etiam
500 1728 547 1774 in
566 1728 813 1791 pertinaces
837 1729 891 1774 ad
909 1727 1200 1774 obtinendam
1221 1726 1432 1787 injuriam

152 1805 371 1863 redditis,
405 1803 498 1850 suas
531 1819 599 1848 res
627 1800 914 1866 Syracusanis
950 1801 1150 1848 restituit.
1190 1803 1299 1848 Non
1329 1801 1433 1863 ipsis

153 1891 328 1925 tantum
357 1893 406 1922 ea
426 1891 494 1922 res
517 1909 528 1928 ,
555 1874 627 1920 sed
654 1873 863 1919 omnibus
883 1872 1044 1919 Siciliae
1063 1873 1244 1935 populis
1263 1911 1277 1930 ,
1309 1886 1435 1936 grata

156 1950 276 2004 fuit;
312 1965 456 2011 eoque
477 1946 635 1993 enifius
666 1946 721 1991 ad
751 1945 917 1991 bellum
947 1944 1231 2005 adjuverunt.
1271 1947 1439 1991 Eadem

159 2021 307 2069 aestate
341 2021 386 2066 in
420 2019 630 2081 Hispania
664 2030 873 2065 coortum
905 2018 1061 2080 ingens
1088 2017 1286 2076 bellum,
1321 2034 1439 2064 con-

159 2095 306 2141 ciente
330 2093 512 2155 Ilergete
533 2091 739 2146 Indibili,
769 2091 891 2138 nulla
919 2091 1003 2137 alia
1032 2092 1085 2137 de
1117 2091 1271 2149 causa,
1301 2108 1440 2155 quam

162 2184 243 2230 per
267 2166 604 2213 admirationem
623 2165 846 2227 Scipionis
868 2177 1096 2212 contemtu
1117 2166 1442 2226 imperatorum

164 2240 355 2286 aliorum
384 2250 505 2283 orto.
535 2241 645 2283 Eum
657 2236 857 2300 fispereffe
881 2256 1008 2284 unum
1040 2241 1179 2296 ducem
1205 2238 1444 2292 Romanis,

167 2316 304 2358 ceteris
329 2313 379 2355 ab
399 2312 643 2356 Hannibale
663 2310 901 2368 intefifiis,
921 2310 1112 2356 rebatur.
1140 2329 1184 2355 eo
1203 2328 1273 2354 nec
1298 2312 1343 2353 in
1358 2309 1446 2352 Hi-

161 2387 318 2448 spania
339 2384 444 2448 caesis
470 2387 734 2443 Scipionibus
762 2389 922 2442 alium,
961 2402 1074 2445 quesn
1100 2385 1324 2436 mitterent,
1363 2381 1447 2424 lia-

166 2455 322 2523 buiffi':
354 2456 423 2519 ὦ,
449 2457 665 2524 Ρρβιῑιιαιπμ
686 2461 731 2504 in
754 2461 883 2506 Italia
906 2460 1075 2520 gravius
1095 2458 1241 2500 bellum
1268 2469 1448 2515 urgeret,

1130 2526 1160 2570 f
1199 2539 1224 2570 2
