1592 2724
143 173 206 225 90
515 159 1074 209 T1T1L1V11

146 282 251 324 tem,
283 264 326 312 δ’
345 265 535 331 capeffire
549 288 630 329 pro
646 285 769 330 parte
793 272 940 315 bellum
959 304 973 327 ,
1004 287 1159 331 aequum
1179 267 1261 334 effi.
1295 268 1430 334 Ligu³

143 355 212 384 res
235 339 350 385 haud
380 340 595 387 abnuere:
625 357 801 403 tempus
821 342 965 389 modo
990 341 1183 388 duorum
1209 343 1425 389 mensium

145 424 296 475 petere
315 413 369 458 ad
385 413 579 461 delectus
603 415 848 463 habendos.
877 415 1059 462 Interim
1079 418 1217 480 Mago
1239 417 1429 475 milites,

147 485 290 531 Gallis
309 485 490 532 dimiffis
503 521 518 543 ,
535 487 650 533 clam
669 504 748 549 per
765 504 896 552 agros
916 504 1075 534 eorum
1092 489 1295 535 mercede
1314 500 1433 535 con--=

147 556 326 604 ducere.
355 572 631 606 commeatus
661 576 845 623 quoque
876 561 1025 608 omnis
1056 560 1228 625 generis
1249 561 1432 608 occulte

146 629 204 674 ad
227 646 329 675 eum
347 647 371 676 a
390 630 532 676 Gallis
551 632 730 693 populis
761 632 1066 681 mittebantur.
1100 637 1162 682 M.
1182 634 1338 682 Livius
1352 650 1434 681 ex·-

147 702 337 748 ercitum
363 703 592 751 volonum
618 722 673 751 ex
697 707 874 754 Etruria
909 707 957 755 in
991 709 1185 755 Galliam
1213 709 1436 756 traducit:

147 774 412 838 junctusque
439 776 649 823 Lucretio
665 814 678 835 ,
713 777 744 824 fi
764 778 806 825 se
830 781 964 843 Mago
985 797 1041 826 ex.
1061 781 1294 844 Liguribus
1321 797 1434 843 pro-

148 846 249 909 pius
276 845 432 892 urbem
465 861 652 895 moveat
670 885 683 906 ,
713 849 899 896 obviam
931 850 995 896 ire
1018 864 1141 912 parat
1166 868 1178 898 ε
1211 852 1241 898 fi
1265 854 1437 898 Poenus

148 917 231 963 sub
261 916 429 980 angulo
456 917 638 980 Alpium
666 921 842 983 quietus
861 921 902 968 se
923 923 1185 981 contineat,
1210 923 1434 987 &ipsein

152 989 305 1036 eadem
347 990 535 1054 regione
576 993 698 1040 circa
742 993 998 1042 Ariminum
1047 996 1186 1044 Italiae
1229 996 1437 1060 praesidio

152 1062 347 1110 fiiturus.

218 1139 296 1184 Vl.
317 1138 421 1185 Post
440 1139 633 1187 reditum
655 1157 712 1188 ex
734 1141 883 1189 Africa
901 1143 954 1190 C.
974 1142 1099 1189 Laelii
1114 1178 1128 1202 ‚
1159 1144 1209 1192 &
1227 1142 1440 1205 Scipione

153 1209 381 1258 stimulato
416 1213 651 1260 Mafiniffae
683 1214 1072 1264 adhortationibus
1091 1251 1104 1273 ,
1131 1217 1180 1263 &
1197 1216 1441 1273 militibus,

155 1284 352 1346 praedam
383 1301 438 1330 ex
472 1285 667 1333 hostium
707 1298 824 1334 terra
865 1288 1152 1335 cernentibus
1184 1301 1280 1335 tota
1311 1288 1442 1336 claffe

157 1357 337 1416 efferri,
374 1358 569 1406 accensis
613 1359 667 1405 ad
702 1359 1014 1421 trajiciendum
1050 1377 1183 1424 quam
1216 1360 1443 1423 primumi

157 1432 406 1480 intervenit
432 1433 595 1495 majori
628 1434 779 1480 minor
808 1434 1055 1497 cogitati0‚
1087 1436 1260 1482 Locros
1282 1433 1442 1480 urbem

157 1504 435 1569 recipiendi,
469 1525 568 1571 quae
596 1507 674 1554 sub
694 1507 991 1554 defectionem
1022 1508 1159 1554 Italiae
1196 1507 1444 1554 desciverat

159 1582 210 1626 &
244 1579 335 1641 ipsa
360 1580 416 1627 ad
442 1582 625 1628 Poenos.
660 1582 768 1643 Spes
796 1592 943 1627 autem
973 1578 1227 1626 affeciandae
1261 1577 1356 1639 ejus
1377 1578 1445 1625 rei

159 1666 218 1696 ex
247 1650 428 1698 minima
456 1668 503 1698 re
534 1652 707 1698 affulsit.
734 1650 1002 1699 Latrociniis
1021 1651 1185 1714 magis,
1218 1668 1349 1715 quam
1371 1649 1445 1712 ju·-

160 1724 231 1768 sto
260 1724 407 1782 bello,
439 1723 486 1770 in
508 1725 689 1772 Bruttiis
714 1725 980 1789 gerebantur
1012 1741 1108 1780 res3
1136 1722 1363 1785 principio
1387 1723 1446 1768 ab

163 1796 373 1843 Numidis
391 1796 509 1844 fano
525 1833 541 1856 ,
565 1800 614 1846 &
635 1799 816 1845 Bruttiis
828 1834 840 1856 ,
860 1814 955 1844 non
974 1795 1185 1843 societate
1203 1794 1340 1857 magis
1357 1795 1448 1840 Pu-

163 1869 264 1916 nica
280 1906 293 1926 ,
315 1888 450 1934 quam
469 1871 626 1935 suopte
658 1873 843 1936 ingenio
857 1908 870 1930 ‚
901 1869 1251 1934 congruentibus
1270 1868 1319 1914 in
1341 1885 1447 1915 eum

162 1958 353 1990 morem.
372 1944 603 1992 Postremo
622 1945 819 1992 Romani
835 1960 1018 2008 quoque
1031 1978 1046 1999 ‚
1065 1941 1156 2004 jam
1174 1941 1450 2005 contagione

163 2016 354 2077 quadam
380 2029 511 2080 rapto
538 2019 806 2081 gaudentes,
834 2027 1052 2079 quantum
1077 2031 1158 2077 per
1185 2014 1319 2061 duces
1339 2012 1448 2059 lice-

166 2086 271 2145 bat,
301 2090 586 2136 excurfiones
617 2090 662 2136 in
694 2089 889 2135 hostium
927 2103 1059 2151 agros
1094 2085 1252 2133 facere.
1290 2086 1361 2132 Ab
1392 2085 1448 2132 iis

165 2161 319 2223 egreffi
339 2163 521 2225 quidam
541 2163 696 2208 urbem
717 2159 957 2217 Locrenses
978 2158 1309 2216 circumventi,
1328 2158 1449 2211 Rhe--⁴

169 2233 384 2297 giumque
415 2234 615 2282 abstracti
647 2234 831 2281 fuerant.
867 2234 915 2280 in
947 2249 1004 2279 eo
1032 2232 1321 2294 captivorum
1361 2247 1450 2276 nu-

172 2323 300 2354 mero
339 2307 451 2355 fabri
478 2309 658 2373 quidam
692 2308 845 2367 fuere,
878 2306 1030 2354 assueti
1058 2304 1178 2352 forte
1198 2302 1315 2365 apud
1339 2304 1450 2348 Poe-

172 2396 259 2427 nos
294 2382 499 2428 mercede
532 2398 650 2444 opus
681 2380 727 2427 in
760 2397 861 2428 arce
898 2382 1153 2425 Locrorum
1189 2375 1347 2422 facere.
1381 2375 1449 2433 Ii,

172 2452 348 2516 cogniti
380 2454 434 2503 ab
470 2453 762 2504 Locrensium
797 2452 1107 2519 principibus,
1140 2448 1218 2514 qui
1248 2446 1360 2512 pulsl
1392 2446 1454 2493 ab
