1592 2724
204 150 293 212 348
561 149 1124 196 T1T1L1v11

197 257 414 304 militibus
433 256 860 319 centurionibusque
884 258 934 303 &
955 254 1181 318 equitibus
1203 253 1309 302 item
1328 253 1374 302 In
1392 255 1482 303 fin·

197 330 331 394 gulos
352 331 502 376 datum
517 367 531 389 ‚
554 331 679 393 quod
704 330 884 376 dederat
907 328 1097 392 collega.

262 404 439 450 XXIV.
474 403 728 450 Secundum
756 402 1034 463 triumphum
1064 399 1313 448 consularia
1342 401 1485 448 comi-

197 473 256 522 tia
292 475 454 521 habita.
490 475 627 522 creati
652 474 856 522 consules
892 476 939 520 L.
969 473 1123 520 Furius
1160 475 1396 536 Purpureo
1436 475 1487 520 δε

198 549 263 595 M.
289 547 502 594 Claudius
524 547 779 594 Marcellus.
815 548 1034 593 Praetores
1064 546 1246 610 postero
1267 547 1337 593 die
1359 546 1485 604 facti,

199 622 261 680 Q.
289 619 444 666 Fabius
465 620 606 664 Buteo
624 654 640 676 ,
671 618 744 664 Ti.
766 619 1058 680 Sempronius
1078 620 1261 682 Longus
1276 653 1290 676 ‚
1315 620 1376 678 Q.
1396 617 1486 663 Mi-

198 693 357 740 nucius
386 692 638 750 Thermus,
668 691 747 738 M’.
768 691 940 738 Acilius
960 691 1151 738 Glabrio
1167 729 1181 750 ,
1210 695 1256 739 L.
1276 690 1487 755 Apustius

200 765 350 822 Fullo,
370 766 424 811 C.
443 763 618 811 Laelius.
653 763 791 810 Exitu
812 761 907 823 ejus
927 764 1031 809 anni
1052 764 1192 810 literae
1212 781 1234 810 a
1255 764 1311 809 T.
1330 763 1486 823 Quin-

198 839 288 886 &10
311 849 565 895 venerunt,
601 835 643 883 se
662 835 795 899 signis
825 834 1002 882 collatis
1033 851 1135 881 cum
1160 852 1258 899 rege
1279 835 1489 898 Philippo

199 913 246 960 in
266 910 484 959 Thessalia
506 909 738 973 pugnasse:
772 907 967 955 hostium
989 909 1239 956 exercitum
1259 908 1400 955 fusum
1421 909 1488 956 fu·

201 998 456 1050 gatumque.
485 984 568 1030 Hae
588 982 727 1030 literae
754 981 875 1045 prius
905 980 951 1027 in
975 981 1127 1030 senatu
1146 999 1169 1029 a
1190 982 1349 1046 Sergio
1370 998 1491 1044 prae-

200 1072 334 1118 tore,
367 1057 525 1105 deinde
561 1074 617 1104 ex
659 1056 923 1103 auctoritate
961 1056 1142 1103 Patrum
1178 1056 1226 1102 in
1261 1056 1491 1103 concione

200 1133 302 1182 sunt
323 1132 533 1181 recitatae.
566 1131 643 1179 Ob
674 1147 743 1177 res
775 1129 989 1193 prospere
1021 1129 1156 1193 gestas
1176 1129 1222 1176 in
1243 1129 1335 1176 dies
1357 1129 1492 1192 quin-

200 1224 288 1270 que
323 1205 672 1269 supplicationes
704 1205 909 1251 decretae.
941 1203 1077 1251 Brevi
1109 1202 1210 1265 post
1240 1203 1445 1266 legati&
1465 1219 1492 1249 a

200 1281 256 1328 T.
292 1278 512 1340 Quinffio
536 1278 586 1325 &
616 1277 670 1324 ab
698 1292 801 1340 rege
829 1286 1067 1321 venerunt.
1102 1275 1378 1322 Macedones
1408 1274 1490 1320 de·-

202 1353 321 1400 duffi
357 1364 483 1398 extra
514 1350 669 1398 urbem
701 1348 747 1396 in
778 1348 931 1397 villam
961 1347 1220 1410 publicam3
1255 1347 1405 1411 ibique
1436 1345 1491 1393 iis

202 1426 334 1473 locus
360 1423 563 1472 &lautia
592 1421 803 1485 praebita:
831 1421 880 1467 &
908 1420 964 1466 ad
984 1420 1123 1466 aedem
1142 1419 1343 1467 Bellonae
1365 1417 1492 1465 sena-

202 1514 272 1548 tus
300 1500 361 1546 est
381 1498 570 1545 habitus.
607 1496 740 1543 Haud
770 1493 906 1541 multa
930 1493 1067 1541 verba
1090 1492 1199 1538 facta
1217 1529 1230 1551 ,
1261 1509 1362 1539 cum
1386 1494 1490 1539 Ma-

205 1576 430 1632 cedones,
462 1586 748 1636 quaecunque
777 1569 948 1615 senatus
982 1565 1239 1623 censuisset,
1262 1566 1308 1611 id
1339 1582 1490 1629 regem

203 1648 423 1695 facturum
453 1646 536 1693 effe
553 1682 567 1703 ,
589 1643 804 1690 dicerent.
840 1642 1015 1688 Decem
1040 1640 1173 1704 legati
1198 1655 1325 1686 more
1344 1638 1491 1700 majo·

203 1739 332 1780 rum,
363 1736 561 1785 quorum
596 1735 651 1764 ex
679 1714 872 1763 consilio
897 1715 952 1760 T.
978 1713 1218 1774 Quinctius
1246 1713 1492 1775 imperator

203 1794 322 1858 leges
345 1795 465 1858 pacis
498 1790 707 1854 Philippo
741 1790 892 1846 daret,
928 1786 1120 1841 decretis,
1149 1785 1490 1846 adiectumque,

204 1882 254 1913 ut
288 1869 333 1913 in
369 1884 425 1913 eo
455 1882 645 1914 nurnero
671 1864 919 1927 legatorum
943 1861 988 1907 P.
1008 1858 1230 1921 Sulpicius
1254 1859 1304 1904 &
1327 1858 1374 1904 P.
1393 1857 1490 1903 Vil-

204 1940 290 1986 lius
322 1940 458 1986 effent
476 1976 489 1995 ‚
521 1938 598 2002 qui
621 1937 829 1984 consules
860 1931 1149 1997 provinciam
1174 1929 1491 1977 Macedoniam

204 2011 509 2058 obtinuissent.
547 2009 739 2058 Cosanis
773 2024 829 2055 eo
863 2006 933 2052 die
957 2002 1284 2067 postulantibus
1303 2038 1315 2059 ,
1343 2013 1393 2047 ut
1410 2001 1491 2049 fibi

204 2085 484 2134 colonorum
511 2100 723 2130 numerus
750 2092 1011 2144 augeretur,
1046 2077 1168 2125 mille
1190 2076 1379 2123 adscribi
1399 2076 1491 2137 jus-

204 2158 236 2204 fi
258 2176 269 2204 :
296 2157 400 2203 dum
431 2173 486 2202 ne
511 2155 610 2219 quis
641 2155 690 2201 in
719 2169 879 2200 eorum
904 2166 1094 2196 numero
1119 2148 1248 2208 effer,
1285 2147 1363 2211 qui
1391 2147 1490 2210 post

203 2232 250 2277 P.
284 2228 553 2277 Cornelium
585 2231 635 2277 &
661 2227 734 2276 Ti.
765 2224 1083 2288 Sempronium
1115 2221 1321 2269 consules
1351 2219 1490 2266 hostis

203 2303 364 2352 fuisset.

267 2378 428 2424 XXV.
460 2376 573 2424 Ludi
600 2374 797 2422 Romani
821 2389 879 2420 eo
909 2388 1029 2419 anno
1058 2370 1103 2416 in
1129 2369 1252 2417 circo
1273 2368 1505 2429 scenaque*

203 2450 259 2498 ab
280 2451 484 2499 aedilibus
505 2449 763 2507 curulibus,
787 2450 831 2494 P.
853 2446 1077 2495 Cornelio
1102 2444 1310 2508 Scipione
1330 2443 1381 2488 ὃς
1400 2442 1492 2488 Cn.
