1592 2724
216 182 770 229 HISTORIARUM
805 183 929 230 LIB.
962 183 1209 230 XXVIII.
1311 199 1369 247 29

91 287 202 351 pulsi
240 288 448 351 Hispania
477 286 862 351 Cartha-ginienses
893 286 1020 342 sunu
1051 289 1372 336 tertiodecimo

92 377 214 407 anno
242 363 342 424 post
380 362 546 408 bellum
577 361 767 415 initum3
805 359 968 423 quinto
988 395 1000 416 ,
1030 376 1162 423 quarn
1200 361 1245 407 P.
1279 362 1375 408 Sci-

91 434 171 495 pio
196 433 483 495 provinciam
502 434 551 479 &
571 431 817 477 exercitum
845 432 1030 492 accepit.
1070 432 1198 478 Haud
1226 433 1374 479 multo

92 505 194 567 post
216 506 418 562 Silanus,
444 503 714 549 debellatum
742 501 967 561 referens,
987 502 1294 551 Tarraconem
1320 504 1377 552 ad

92 578 352 640 Scipionem
381 576 526 623 rediit.

160 655 303 700 XV11.
336 655 382 698 L
414 649 570 713 Scipio
606 667 710 696 cum
744 648 894 696 multis
929 649 1036 696 nobi
1042 648 1157 698 libus
1185 652 1378 715 captivis

99 726 281 772 nuntius
316 734 507 786 receptae
542 722 762 785 Hispaniae
798 723 989 769 Romam
1027 723 1088 769 est
1122 724 1285 772 miffus.
1326 728 1379 774 δέ

95 816 201 846 cum
227 799 364 846 ceteri
383 797 534 844 laetitia
556 797 788 860 gioriaque
812 796 981 860 ingenti
1003 813 1097 842 cam
1119 814 1210 844 rem
1232 799 1376 863 vulgo

96 871 297 931 ferrent,
330 887 444 918 unus
465 906 479 929 ,
516 870 596 934 qui
627 870 806 933 gess'erat
825 905 838 926 ‚
877 869 1161 931 inexplebilis
1196 872 1378 919 virtutis

96 961 310 1007 veraeque
338 944 504 1001 laudis,
532 959 720 1006 parvum
743 941 877 987 instar
893 958 1049 987 eorum
1067 977 1080 999 ‚
1110 959 1209 1006 quae
1228 944 1301 1007 spe
1326 960 1380 993 ac

98 1019 406 1083 magnitudine
437 1017 574 1064 animi
600 1015 898 1078 concepisset,
928 1029 1127 1077 1·ecep†as
1147 1016 1377 1079 Hispanias

98 1091 302 1139 ducebat.
327 1091 413 1151 jam
433 1089 631 1137 Africam
651 1105 949 1152 magnamque
966 1089 1275 1152 Carthaginem
1289 1127 1302 1150 ‚
1329 1095 1380 1138 &

100 1163 147 1208 in
177 1164 304 1210 suum
324 1163 456 1210 decus
479 1162 737 1225 nomenque
759 1162 885 1210 velut
904 1162 1255 1211 constimmaram
1285 1165 1379 1224 ejus

99 1235 205 1281 belli
235 1236 425 1299 gloriam
460 1235 693 1297 spefflabat.
727 1237 909 1298 Itaque,
930 1236 1274 1316 praemoliendas
1299 1238 1381 1286 fibi

98 1319 221 1354 ratus
256 1305 342 1366 jam
377 1322 444 1351 res
483 1305 877 1383 conciliandosque
910 1323 1061 1369 regum
1092 1308 1383 1372 gentiumque

99 1379 302 1434 animos,
333 1365 586 1442 Syphacem
619 1378 811 1441 primum
840 1395 988 1442 regem
1020 1378 1168 1426 statuit
1198 1393 1382 1428 tentare.

99 1451 444 1514 Maiaesylorum
478 1451 513 1497 is
546 1467 626 1497 rex
660 1463 763 1497 erat.
804 1450 1056 1514 Masaesyli,
1096 1469 1202 1515 gens
1239 1453 1357 1498 affin·
1316 1471 1356 1498 ἰ
1352 1472 1383 1500 s

100 1525 300 1580 Mauris,
336 1525 382 1570 in
412 1525 640 1588 regionem
678 1524 925 1587 Hispaniae,
960 1525 1153 1572 maxime
1190 1544 1276 1590 qua
1305 1528 1384 1573 sira

101 1600 243 1646 Nova
264 1598 490 1660 Carthago
517 1598 603 1655 est,
634 1597 839 1660 speRant.
874 1599 1036 1643 Foedus
1062 1614 1107 1644 ea
1130 1600 1386 1661 temp-estate

103 1673 196 1735 regi
231 1689 332 1718 cum
367 1671 804 1734 Carthaginiensibus
834 1685 955 1729 erat,
990 1673 1115 1735 quod
1140 1673 1256 1719 haud
1286 1692 1386 1736 gra-

104 1745 204 1792 vius
222 1744 261 1790 ei
282 1743 580 1806 sanciiusque,
597 1760 732 1806 quam
752 1745 893 1807 vulgo
910 1744 1105 1790 barbaris
1120 1781 1133 1800 ‚
1149 1745 1308 1807 quibus
1328 1762 1385 1792 ex

103 1817 285 1865 fortuna
312 1818 477 1880 pendet
504 1815 636 1875 fides,
660 1829 778 1863 ratus
797 1816 916 1875 fore,
943 1832 1171 1863 oratorem
1199 1819 1254 1863 ad
1279 1835 1384 1865 eum

107 1893 162 1938 C.
180 1893 364 1938 Laelium
393 1908 494 1937 cum
527 1890 658 1936 donis
688 1890 838 1936 mittit.
875 1890 1054 1950 Quibus
1083 1891 1291 1937 barbarus
1314 1892 1387 1937 lae-

106 1974 205 2018 tus,
232 1966 282 2011 &
309 1964 414 2026 quia
442 1979 509 2009 res
539 1975 636 2008 tum
672 1962 895 2025 prosperae
932 1964 1099 2025 ubique
1138 1964 1386 2018 Romanis2

108 2038 260 2082 Poenis
296 2038 342 2083 in
379 2038 502 2084 ltalia
535 2037 731 2083 adversae
753 2073 767 2095 ‚
804 2037 850 2082 in
882 2036 1094 2099 Hispania
1134 2037 1266 2082 nullae
1301 2037 1389 2098 jam

106 2121 262 2164 erant,
295 2108 534 2155 amicitiam
564 2108 606 2154 se
642 2110 956 2154 Romanorum
988 2109 1190 2170 accipere
1216 2109 1390 2154 annuit.

106 2180 333 2226 firmandae
363 2180 456 2243 ejus
486 2179 618 2226 fidem
648 2197 730 2227 nec
762 2181 866 2226 dare
885 2216 898 2238 ‚
933 2197 1015 2227 nec
1041 2180 1274 2241 accipere,
1308 2181 1387 2226 nisi

109 2271 210 2300 cum
235 2253 333 2316 ipso
365 2269 518 2300 coram
554 2254 668 2301 duce
687 2255 914 2301 Romano.
947 2256 1008 2300 Ita
1036 2253 1198 2299 Laelius
1218 2290 1233 2309 ‚
1270 2254 1315 2298 in
1344 2253 1389 2298 id

107 2326 252 2371 modo
274 2324 361 2371 fide
392 2326 446 2371 ab
468 2339 572 2388 rege
598 2337 776 2388 accepta
794 2361 808 2383 ‚
832 2337 977 2372 tutum
996 2326 1240 2373 adventurn
1263 2324 1386 2379 fore,

109 2397 165 2441 ad
182 2397 440 2460 Scipionem
460 2398 603 2445 rediit.
633 2401 847 2461 Magnum
869 2399 915 2444 in
936 2398 1090 2446 omnia
1106 2411 1389 2442 momentum

111 2469 296 2532 Syphax
328 2469 549 2531 affecianti
581 2487 650 2520 res
680 2471 844 2527 Africae
878 2483 1001 2529 erat,
1033 2468 1390 2533 opulentiffimus
