1592 2724
160 138 256 181 '120
515 131 1085 184 T1T1L1V11

158 236 359 300 quinque
391 238 441 285 ὃς
474 239 764 302 quadraginta
802 240 973 288 dierum
1011 243 1200 303 cibaria,
1231 260 1255 291 e
1283 244 1445 310 quibus

157 309 416 372 quindecim
443 310 614 356 dierum
650 314 775 358 coela
793 349 806 370 ,
828 314 1046 376 imposita.
1085 318 1146 362 Ut
1169 333 1325 364 omnes
1356 317 1445 377 jam

157 381 205 429 in
227 383 419 429 navibus
447 395 574 429 erant
589 419 602 439 ‚
624 384 802 447 scaphas
830 387 1121 434 circummisit
1138 424 1151 446 ‚
1171 401 1220 434 ut
1239 406 1295 436 ex
1312 392 1445 438 navi-

157 455 240 503 bus
272 457 679 520 gubernatoresque
705 459 766 505 ·&
804 458 999 522 magistri
1038 459 1226 507 navium
1263 462 1313 510 &
1347 461 1444 509 bini

156 529 318 576 milites
348 529 393 574 in
417 530 568 578 forum
596 530 900 579 convenirent
929 532 985 578 ad
1005 532 1190 596 imperia
1217 534 1442 598 accipien-

157 602 226 649 da.
257 602 495 665 Postquam
521 615 869 661 convenerunt,
891 603 1085 667 primum
1117 606 1172 653 ab
1205 607 1258 654 iis
1287 608 1443 671 quaefi·

155 673 252 732 vit,
278 675 315 741 -s1
353 691 513 737 aquam
546 674 807 723 hominibus
842 675 1139 741 jumentisque
1169 677 1216 725 in
1250 679 1443 727 totidem

155 746 277 804 dies,
303 759 418 811 quot
449 747 751 807 frumentum,
782 748 1101 811 imposuissent.
1131 751 1222 798 Ubi
1254 751 1442 814 respon-

157 821 346 879 derunt,
375 838 536 884 aquam
568 821 740 869 dierum
764 822 962 884 quinque
991 822 1040 869 &
1069 824 1359 886 quadraginta
1392 825 1441 872 in

156 890 346 940 navibus
390 894 500 951 effe3
535 905 629 941 tum
675 894 815 941 edixit
854 894 1100 952 militibus,
1135 908 1186 943 ut
1219 897 1440 944 silentium

154 966 297 1031 quieti
318 968 463 1015 nautis
482 968 573 1015 fine
592 968 832 1016 certamine
856 968 910 1014 ad
932 966 1172 1014 ministeria
1196 969 1442 1032 exsequen-

155 1043 212 1089 da
240 1041 353 1089 bene
381 1041 641 1091 obedientes
668 1042 937 1105 praestarent.
966 1059 1067 1088 cum
1095 1041 1257 1106 viginti
1281 1044 1443 1090 rostra-

152 1116 211 1163 tis
242 1116 284 1162 se
317 1133 366 1162 ac
391 1118 440 1162 L.
470 1115 729 1178 Scipionem
762 1115 818 1161 ab
848 1116 1009 1161 dextro
1044 1132 1216 1175 cornu,
1249 1115 1442 1174 laevum,

152 1187 345 1235 totidem
370 1187 581 1234 rostratas
597 1224 611 1246 ,
633 1189 682 1235 &
706 1189 762 1234 C.
790 1187 975 1233 Laelium
1010 1187 1268 1249 praffedhxm
1300 1188 1442 1234 claffis

122 1320 137 1327 ⁴,
153 1278 257 1310 cum
281 1265 346 1309 M.
377 1262 545 1310 Porcio
567 1264 744 1309 Catone
765 1261 982 1323 (quaestor
1008 1261 1044 1308 is
1072 1273 1164 1308 tum
1181 1260 1312 1325 erat)
1332 1277 1442 1307 one-

154 1335 280 1383 rariis
305 1335 505 1382 futurum
532 1334 753 1398 praefidio.
775 1334 967 1380 Lumina
985 1333 1033 1380 in
1058 1334 1250 1382 navibus
1270 1333 1442 1398 singula

151 1409 381 1466 rostratae,
405 1406 748 1455 bina'onerariae
763 1407 978 1454 haberent
997 1424 1007 1454 :
1030 1407 1076 1453 in
1094 1407 1305 1471 praetoria
1322 1421 1444 1453 nave

151 1481 321 1546 insigne
342 1483 611 1531 noffiirnum
632 1482 767 1529 trium
783 1481 1007 1528 luminum
1026 1480 1139 1526 fore.
1160 1479 1372 1543 Emporia
1391 1489 1442 1525 ut

151 1568 379 1619 peterent,
408 1555 782 1620 gubernatoribus
811 1553 967 1600 edixit.
997 1546 1297 1600 Fertiliffimus
1317 1568 1441 1615 ager,

150 1645 301 1691 eoque
322 1629 552 1676 abundans
573 1627 778 1675 omnium
804 1626 937 1689 copia
965 1642 1112 1672 rerum
1141 1625 1201 1672 est
1218 1625 1341 1689 regio
1356 1661 1371 1684 ‚
1388 1626 1440 1672 δε

149 1699 355 1747 imbelles
382 1700 543 1764 (quod
573 1699 838 1762 plerumque
867 1697 915 1744 in
950 1696 1079 1744 uberi
1112 1713 1218 1760 agro
1252 1694 1440 1760 evenit)

81 1787 84 1789 ’
149 1774 326 1822 barbari
358 1774 486 1821 sunt:
507 1773 744 1837 priusque,
763 1789 895 1836 quam
927 1771 1201 1834 Carthagine
1229 1770 1441 1822 subveni-¹

149 1859 275 1893 retur
288 1882 302 1904 ‚
322 1846 522 1909 opprimi
547 1846 819 1894 videbantur
836 1845 973 1909 poffe.
991 1844 1048 1891 lis
1065 1843 1192 1890 editis
1212 1842 1407 1906 imperiis
1420 1877 1438 1902 ,

150 1920 298 1967 redire
327 1920 381 1966 ad
399 1937 538 1967 naves
560 1920 655 1982 juffi
677 1938 688 1966 ε
707 1921 757 1967 ὃῑ
778 1919 960 1981 postero
979 1918 1072 1973 die,
1093 1915 1204 1964 Deis
1233 1917 1346 1964 bene
1364 1915 1438 1979 juv

150 1992 393 2052 vantibus,
425 1994 554 2058 figno
584 1994 690 2040 dato
724 1992 897 2040 solvere
926 2006 1080 2038 naves.

163 2074 167 2076 ’
214 2068 388 2116 XXVI,
427 2068 584 2114 Multae
620 2067 768 2114 claffes
804 2066 1024 2112 Romanae
1056 2080 1078 2110 e
1115 2062 1263 2110 Sicilia
1301 2074 1435 2127 atque

149 2139 248 2203 ipso
290 2138 372 2185 illo
409 2150 546 2202 portu
580 2138 796 2202 profectae
830 2150 968 2186 erant.
1005 2138 1215 2184 Ceterum
1250 2152 1344 2183 non
1377 2153 1435 2183 eo

150 2211 274 2259 bello
309 2210 480 2269 solum,
503 2210 610 2275 (nec
638 2211 683 2257 id
706 2210 898 2267 mirum3
920 2209 1164 2272 praedatum
1195 2208 1313 2254 enim
1332 2220 1434 2254 tan-

152 2284 396 2333 tummodo
431 2284 657 2347 pleraeque
696 2276 846 2330 claffes
878 2279 1058 2344 ierant)
1093 2281 1165 2326 sed
1198 2297 1252 2326 ne
1283 2279 1435 2342 priore

149 2356 329 2419 quidem
348 2390 363 2414 ‚
393 2356 482 2402 ulla
507 2355 730 2418 profeffio
759 2354 873 2402 tanti
901 2353 1134 2416 speflaculi
1168 2351 1263 2399 fuit.
1293 2368 1435 2414 quan-

146 2445 279 2494 quam
313 2429 348 2477 fi
385 2428 694 2495 magnitudine
733 2427 875 2478 claffis
911 2426 1219 2485 aestimaretur,
1253 2425 1304 2474 &
1336 2423 1434 2471 bini
