1592 2724
290 171 829 220 HtsToRiARUM
865 172 994 219 ΜΒ.
1031 170 1209 222 XXIX.
1323 189 1392 240 9}

104 284 204 320 tum
222 270 322 318 fuit,
353 270 422 316 cui
446 286 545 316 cum
561 267 673 331 juffu
694 269 976 324 tribunorum
996 271 1221 318 ademtum
1239 285 1389 336 poen-¹

106 345 201 391 lum
220 344 349 402 esset,
367 343 558 406 jurgium
579 341 682 387 inde
700 343 749 387 &
774 341 969 405 clamor,
988 359 1135 405 pugna
1155 343 1387 404 postremo

105 430 208 467 orta
228 418 343 464 inter
365 415 568 462 Pleminii
596 413 783 473 milites,
803 413 1205 478 tribunorumque3
1232 431 1281 464 ut
1300 419 1388 467 suis

107 490 297 554 quisque
323 501 611 553 opportunus
646 487 912 544 advenerat,
939 486 1224 535 multitudine
1261 491 1389 538 simul

107 581 159 611 ac
191 564 386 611 tumultu
421 559 659 609 crescente.
695 560 813 606 Viffl
850 560 1054 606 Pleminii
1089 561 1249 609 milites
1284 581 1395 612 cum

108 638 166 684 ad
200 635 494 688 Pleminium,
529 648 735 680 cruorem
782 649 831 679 ac
863 632 1053 679 vulnera
1089 633 1389 696 ostentantes,

108 728 205 758 non
224 710 313 756 fine
336 705 667 754 vociferatione
696 717 828 769 atque
859 706 1168 768 indignatione
1190 725 1391 756 concur-

110 784 289 841 riffent,
313 782 479 845 probra
505 780 552 826 in
587 795 688 826 eum
715 779 858 841 ipsum
887 778 1042 839 jadiata
1068 780 1114 826 in
1143 780 1298 845 jurgiis
1319 799 1392 829 re-

112 858 334 913 ferentes;
357 855 566 904 accensus
592 855 656 901 ira
686 855 827 900 domo
855 853 940 900 sese
969 854 1220 917 proripuit,
1250 870 1394 905 νοςῑε-ι

110 932 269 995 tosque
307 931 512 976 tribunos
542 927 727 986 nudari,
759 944 810 974 ac
842 927 987 990 virgas
1024 928 1224 990 expediri
1256 927 1394 989 jubet.

111 1006 239 1053 Dum
271 1003 513 1066 spoliandis
539 1002 591 1048 iis
629 1002 960 1064 (repugnabant
998 1000 1147 1057 enim,
1176 1000 1393 1048 militem-

113 1094 202 1140 que
230 1073 554 1140 implorabant)
584 1086 758 1136 tempus
785 1075 966 1130 teritur,
987 1086 1169 1134 repente
1197 1074 1359 1122 milites
1378 1111 1393 1133 ‚

114 1150 290 1197 feroces
319 1149 486 1196 recenti
516 1148 733 1204 vistoria,
766 1163 821 1192 ex
854 1146 1064 1192 omnibus
1093 1144 1230 1202 locis,
1268 1148 1395 1195 velut

112 1221 321 1271 adversus
349 1221 496 1267 hostes
526 1220 581 1266 ad
610 1237 732 1266 arma
763 1221 1093 1266 conclamatum
1125 1220 1253 1275 esset,
1279 1237 1396 1268 con-

115 1304 363 1340 currerunt.
400 1292 449 1337 &
466 1326 479 1346 ‚
499 1307 600 1336 cum
622 1290 789 1336 violata
810 1289 897 1350 jam
921 1289 1059 1352 virgis
1087 1305 1282 1351 corpora
1313 1291 1397 1337 tri-

116 1367 345 1413 bunorum
375 1362 605 1420 vidissent,
634 1375 731 1408 tum
758 1377 871 1408 vero
904 1361 951 1408 in
983 1361 1129 1406 multo
1164 1362 1398 1423 impoten-

116 1437 281 1484 tiorem
313 1434 458 1482 subito
491 1434 659 1480 rabiem
686 1433 886 1491 accensi,
918 1433 1009 1478 fine
1043 1432 1265 1494 respecihi,
1299 1449 1398 1481 non

119 1506 354 1570 majestatis
372 1506 536 1563 modo,
558 1505 629 1552 sed
648 1506 779 1551 etiam
804 1504 1116 1562 humanitatis,
1135 1505 1180 1549 in
1203 1504 1399 1568 legatum

118 1584 336 1646 impetum
348 1617 361 1639 ,
379 1580 608 1628 liCioribus
627 1580 746 1642 prius
764 1579 993 1642 indignum
1010 1579 1055 1624 in
1074 1579 1260 1625 modum
1278 1580 1401 1626 mul·-

116 1656 256 1713 catis‚
285 1654 469 1702 faciunt.
503 1666 597 1701 tum
625 1653 792 1716 ipsum,
816 1653 870 1699 ab
901 1652 987 1698 suis
1016 1651 1310 1713 interceptum
1346 1655 1399 1701 &

120 1727 362 1784 seclusum,
390 1725 606 1771 hostiliter
626 1725 822 1771 lacerant
836 1758 849 1780 ‚
873 1724 924 1771 &
945 1739 1087 1785 prope
1106 1722 1399 1785 exsanguem,

120 1802 229 1849 naso
260 1797 525 1860 auribusque
554 1796 788 1851 mutilatis,
820 1795 1092 1858 relinquunt.
1127 1794 1207 1840 His
1237 1796 1402 1842 Messa·-

120 1890 223 1920 nam
243 1870 478 1928 nuntiatis,
495 1869 671 1931 Scipio,
693 1868 793 1930 post
812 1884 980 1929 paucos
999 1867 1091 1913 dies
1109 1869 1281 1914 Locros
1300 1869 1401 1916 hex„

119 1946 186 1991 eri
212 1944 446 2000 adveEtus,
470 1959 575 1988 cum
605 1940 778 1989 causam
805 1940 1009 1987 Pleminii
1032 1943 1083 1988 &
1110 1940 1401 1990 tribunorum

123 2016 331 2073 audisset,
349 2013 569 2061 Pleminio
589 2030 710 2060 noxa
728 2014 940 2069 liberato,
961 2013 1207 2076 reli&oque
1224 2012 1271 2058 in
1289 2012 1405 2074 ejus-

124 2091 226 2143 dem
258 2088 350 2134 loci
380 2088 612 2150 praesidio,
643 2087 834 2134 tribunis
864 2086 1065 2133 sontibus
1095 2084 1331 2147 judicatis,
1353 2091 1404 2136 δὲ

124 2168 171 2214 in
194 2164 378 2212 vincula
399 2163 634 2225 conjeffis,
664 2175 712 2210 ut
734 2165 926 2210 Romam
952 2163 1004 2208 ad
1032 2160 1226 2207 senatum
1255 2161 1404 2207 mitte-2

124 2249 282 2285 rentur
298 2272 312 2293 ,
332 2235 569 2281 Meffanam
590 2247 719 2298 atque
738 2235 839 2282 inde
858 2232 1098 2297 Syracusas
1124 2232 1267 2279 rediit.
1303 2233 1406 2277 Ple-

127 2309 292 2357 minius
313 2309 536 2369 impotens
563 2307 639 2352 irae
657 2342 670 2365 ,
696 2307 935 2369 neglefitam
955 2305 1010 2351 ab
1035 2303 1244 2367 Scipione
1265 2306 1314 2350 δέ
1334 2303 1408 2349 ni-

131 2381 214 2427 mis
246 2380 405 2427 leviter
434 2379 565 2424 latam
601 2378 716 2424 suam
746 2371 952 2437 injuriam
974 2388 1120 2432 ratus,
1140 2392 1222 2421 nec
1248 2391 1408 2436 quem-

128 2470 267 2515 quam
305 2452 513 2500 aestimare
551 2451 686 2498 alium
721 2467 819 2499 eam
857 2450 980 2498 litem
1016 2448 1172 2513 poti'e,
1209 2447 1289 2495 nisi
1322 2447 1407 2513 qui
