1592 2724
242 183 801 236 HISTORIARUM
836 183 962 228 LIB.
998 181 1219 228 XXXIV.
1287 196 1377 245 435

102 294 202 342 faffl
225 313 234 340 :
258 293 360 341 vasa
391 292 531 339 multa
552 289 699 337 omnis
731 287 901 353 generis
919 323 932 346 ‚
963 288 1114 335 caelata
1142 288 1380 351 pleraque,

102 367 304 433 quaedam
335 367 513 414 eximiae
540 365 677 413 artis:
704 367 751 411 &
774 382 829 411 ex
853 381 937 409 aere
965 364 1099 410 multa
1132 362 1381 410 fabrefafila.

102 440 157 487 ad
178 441 268 488 hoc
290 441 453 505 clypea
471 450 675 503 argentea
697 437 862 483 decem.
880 436 1046 499 §ignati
1065 435 1234 498 argenti
1255 436 1383 482 oeso-

102 514 223 578 ginta
239 528 432 576 quatuor
449 512 587 560 millia
611 507 734 557 fuere
754 509 1007 556 Atticorum
1030 526 1040 553 :
1060 508 1385 555 tetradrachma

104 598 276 633 vocant
297 602 307 630 :
332 586 469 632 trium
497 584 588 631 fere
610 582 896 628 denariorum
924 581 971 626 in
1002 579 1181 643 lingulis
1212 581 1385 643 argenti

103 658 167 705 est
191 658 382 721 pondus.
416 656 529 704 Auri
551 655 707 719 pondo
738 654 822 700 fuit
851 654 935 699 tria
956 652 1095 698 millia
1114 652 1386 716 septingenta

104 730 473 793 quatuordecim,
493 730 543 777 δέ
565 728 777 791 clypeum
809 742 949 772 unum
976 742 1033 770 ex
1068 741 1180 770 auro
1206 736 1353 771 totum
1371 743 1384 769 ε

106 805 158 851 &
198 801 416 865 Philippei
462 801 633 848 nummi
670 799 793 846 aurei
826 796 1171 861 quatuordecim
1213 797 1386 856 millia,

107 876 340 940 quingenti
359 873 713 939 quatuordecim.
732 871 892 920 Tertio
913 871 983 916 die
1014 887 1199 916 coronae
1215 887 1358 916 aureae
1368 906 1387 927 ‚

105 951 227 997 dona
257 949 517 1004 civitatum,
548 946 768 993 translatae
800 955 979 990 centum
1010 941 1385 1004 quatuordecimt

105 1024 159 1068 ἃ
177 1019 333 1066 hostiae
361 1019 500 1066 ductae
521 1035 531 1064 ε
555 1019 603 1064 &
630 1028 732 1062 ante
761 1030 937 1062 currum
964 1012 1094 1058 multi
1121 1013 1295 1058 nobiles
1316 1030 1386 1059 ca-

106 1092 224 1155 ptivi
253 1089 537 1153 obsidesque,
561 1089 678 1134 inter
706 1103 831 1150 quos
857 1083 1115 1133 Demetrius
1144 1084 1259 1148 regis
1287 1085 1388 1131 Phi·

108 1162 223 1225 lippi
241 1161 356 1208 filius
376 1161 482 1219 fuit,
505 1162 554 1208 &
574 1162 791 1206 Armenes
807 1194 820 1214 ‚
840 1156 1024 1203 Nabidis
1046 1156 1230 1218 tyranni
1249 1154 1390 1213 filius,

87 1234 490 1282 .Lacedaemonius.
515 1232 606 1295 lpse
626 1231 784 1278 deinde
804 1228 1046 1290 Quinffius
1073 1228 1117 1272 in
1148 1228 1301 1274 urbem
1326 1228 1390 1274 est

109 1307 329 1354 invefihls.
349 1304 513 1352 milites
534 1304 674 1351 secuti
692 1319 871 1350 currum
899 1302 1173 1364 frequentes,
1192 1312 1241 1346 ut
1263 1300 1390 1350 omni

111 1395 169 1424 ex
198 1377 434 1439 provincia
462 1375 664 1422 exercitu
699 1375 951 1435 deportato.
981 1371 1061 1417 His
1083 1371 1242 1418 duceni
1259 1373 1392 1434 quin·

113 1449 308 1512 quageni
337 1448 435 1494 ¹aeris
460 1447 505 1492 in
534 1447 700 1508 pedites
731 1445 890 1492 divisi:
912 1443 1075 1505 duplex
1106 1443 1390 1502 centurioni,

113 1522 279 1584 triplex
308 1520 461 1584 equiti.
492 1520 779 1566 Praebuerunt
802 1518 992 1580 speciem
1015 1516 1246 1578 triumpho
1269 1516 1392 1580 capi-

114 1594 233 1641 tibus
252 1594 357 1641 rafis
386 1592 550 1649 secuti,
572 1592 651 1656 qui
672 1592 881 1639 servitute
902 1590 1066 1636 exemti
1090 1589 1277 1636 fuerant.

180 1666 288 1713 LIII.
307 1666 443 1713 Exitu
463 1662 593 1724 hujus
617 1664 722 1710 anni
742 1665 802 1723 Q.
823 1663 962 1709 AElius
983 1661 1168 1708 Tubero
1188 1660 1393 1724 tribunus

117 1738 258 1801 plebis
288 1755 344 1784 ex
369 1734 751 1783 senatusconsulto
784 1734 887 1780 tulit
916 1734 970 1780 ad
997 1733 1194 1795 plebem,
1220 1732 1395 1795 plebes-⁵

117 1827 207 1874 que
227 1808 354 1856 scivit
371 1844 385 1864 ‚
415 1813 479 1854 Ut
500 1811 659 1854 Latinae
679 1811 767 1853 duae
794 1809 959 1852 coloniae
974 1841 987 1862 ‚
1007 1825 1092 1851 una
1114 1807 1159 1851 irz
1181 1808 1394 1861 Bruttios,

120 1891 249 1933 altera
283 1888 329 1931 in
357 1887 584 1930 Thurinum
617 1901 789 1945 agrum,
815 1884 1110 1927 deducerentur.
1145 1878 1225 1924 His
1260 1879 1400 1924 dedu-

121 1958 273 2006 cendis
300 1956 529 2003 triumviri
549 1956 716 2010 creati,
744 1953 904 2016 quibus
931 1953 977 1998 in
995 1951 1235 1997 triennium
1254 1950 1398 2014 impe-

122 2031 238 2077 rium
264 2029 397 2086 esset,
429 2028 476 2074 in
506 2028 703 2075 Bruttios
733 2027 793 2086 Q.
824 2024 1035 2082 Naevius,
1070 2024 1134 2069 M.
1169 2022 1400 2070 Minucius

121 2103 295 2161 Rufus,
327 2104 391 2150 M.
413 2102 568 2149 Furius
601 2101 847 2163 Craffipes:
876 2099 922 2145 in
955 2097 1215 2143 Thurinum
1248 2113 1402 2159 agrum

123 2179 209 2223 Cn.
241 2176 464 2232 Manlius,
486 2176 546 2235 Q.
583 2175 746 2232 AElius,
766 2177 814 2221 L.
847 2170 1069 2235 Apustius.
1101 2187 1150 2216 ea
1184 2169 1288 2216 bina
1321 2186 1401 2216 co-

125 2249 251 2297 mitia
284 2250 372 2295 Cn.
404 2247 638 2296 Domitius
672 2260 839 2310 praetor
870 2246 1060 2290 urbanus
1091 2242 1137 2288 in
1169 2241 1402 2303 Capitolio

124 2323 297 2371 habuit.
324 2323 457 2369 AEdes
483 2339 538 2368 eo
563 2338 685 2367 anno
715 2321 889 2383 aliquot
919 2319 1132 2365 dedicatae
1164 2316 1262 2362 sunt
1283 2334 1292 2363 ε
1313 2333 1404 2363 una

128 2395 316 2443 Junonis
351 2395 539 2458 Sospitae
573 2395 621 2441 in
650 2393 756 2440 foro
788 2392 1003 2450 olitorio,
1031 2402 1141 2437 vota
1171 2388 1406 2450 locataque

123 2467 424 2535 quadriennio
465 2478 567 2515 ante
602 2483 628 2515 a
659 2467 715 2515 C.
749 2464 970 2514 Cornelio
1003 2460 1188 2510 consule
1226 2458 1407 2507 Gallico

1011 2537 1050 2583 E
1069 2551 1093 2582 e
1129 2549 1154 2580 z
