1592 2724
287 178 831 227 HISTORIARUM
866 181 990 227 LIB.
1025 181 1240 228 XXXIII.
1322 184 1407 244 361

131 283 273 332 tionis
302 285 506 333 fuerant:
530 287 641 334 alios
674 285 872 334 dominis
897 287 1099 335 restituit.
1129 288 1347 336 Consules
1366 289 1414 337 in

128 358 391 420 provincias
423 359 612 422 profesti
644 358 756 406 sunt.
795 359 1061 406 Marcellum
1089 358 1309 420 Boiorum
1339 361 1414 407 in-

127 429 319 491 gressum
351 429 490 488 fines,
513 430 696 494 fatigato
729 446 808 492 per
829 430 947 477 diem
978 442 1128 477 toturn
1163 431 1303 478 milite
1336 432 1414 478 via

128 500 331 548 facienda
344 537 357 560 ,
379 501 517 549 castra
540 502 585 547 in
604 502 780 548 tumulo
800 503 998 566 quodam
1020 513 1264 565 ponentem
1279 534 1293 559 ,
1313 504 1414 550 Co-

127 574 325 621 rolamus
338 611 352 633 ,
371 575 547 638 regulus
568 573 810 636 Bojorum,
829 593 931 622 cum
952 592 1109 638 magna
1132 592 1266 622 manu
1283 577 1414 622 ador-

127 659 198 693 tus
212 682 226 703 ‚
249 647 301 693 ad
320 647 403 693 tria
421 646 560 693 millia
581 646 820 694 hominum
840 647 1034 695 occidit:
1053 647 1303 695 &illustres
1322 647 1414 695 viri

126 718 302 780 aliquot
320 717 368 763 in
387 716 468 763 illo
488 717 784 765 tumultuario
805 718 973 782 proelio
993 719 1278 778 ceciderunt,
1298 719 1414 767 inter

125 806 244 852 quos
277 788 472 852 praefecti
505 789 701 848 socium,
731 793 787 838 T.
819 791 1114 854 Sempronius
1149 790 1378 838 Gracchus
1399 827 1416 850 ,

126 865 192 909 M.
226 862 380 909 Junius
415 862 620 918 Silanus;
651 864 701 910 ὃ(
731 854 898 910 'tribuni
925 864 1119 911 militum
1149 864 1201 910 de
1234 863 1415 927 legione

122 934 344 992 secunda,
375 937 426 981 A.
451 935 676 998 Ogulnius
697 937 746 983 &
775 937 821 983 P.
840 936 1069 983 Claudius.
1099 935 1237 984 castra
1264 949 1413 984 tamen

125 1008 181 1054 ab
215 1007 433 1054 Romanis
469 1007 658 1072 impigre
692 1009 944 1071 permunita
981 1021 1240 1073 retentaque
1255 1044 1269 1067 ,
1307 1026 1412 1056 cum

121 1080 276 1127 hostes
296 1098 319 1127 a
348 1080 557 1143 prospera
578 1099 724 1144 pugna
744 1083 1043 1146 nequidquam
1069 1081 1413 1145 oppugnassent.

124 1153 312 1199 Stativis
339 1154 500 1200 deinde
521 1154 683 1201 eisdem
703 1171 781 1217 per
812 1155 903 1201 dies
925 1154 1100 1217 aliquot
1127 1153 1211 1199 sese
1239 1153 1414 1215 tenuit,

123 1226 231 1271 dum
253 1228 303 1273 &
329 1226 500 1273 saucios
532 1241 732 1286 curaret,
755 1229 804 1276 &
837 1247 860 1275 a
881 1240 1006 1275 tanto
1037 1240 1208 1274 terrore
1234 1226 1411 1273 animos

123 1297 316 1345 militum
338 1298 553 1364 reficeret.
573 1299 672 1361 Boji
687 1337 700 1358 ,
726 1313 776 1347 ut
792 1300 852 1347 est
871 1318 976 1364 gens
995 1301 1179 1348 minime
1199 1300 1253 1346 ad
1270 1316 1411 1346 morae

123 1370 305 1418 taedium
325 1372 523 1434 patiens,
543 1372 588 1418 in
607 1373 782 1419 castella
802 1373 873 1420 sua
893 1374 1107 1437 vicosque
1125 1372 1276 1435 dilapfi
1296 1372 1411 1420 sunt.

123 1442 361 1490 Marcellus
380 1478 393 1501 ,
425 1444 548 1492 Pado
569 1443 804 1491 confestim
825 1444 1036 1506 trajeElo,
1057 1445 1103 1492 in
1126 1461 1277 1509 agrum
1308 1446 1408 1491 Co-

124 1515 318 1561 mensem
335 1552 348 1573 ,
364 1515 441 1562 ubi
463 1515 688 1572 Insubres,
704 1517 1000 1564 Comensibus
1021 1518 1075 1564 ad
1094 1534 1214 1564 arma
1227 1517 1411 1575 excitis,

122 1585 261 1633 castra
280 1586 528 1644 habebant,
546 1588 669 1635 ducit
687 1588 899 1650 legiones.
924 1589 969 1635 in
990 1588 1087 1650 ipso
1109 1588 1266 1633 itinere
1287 1604 1412 1649 proe-

121 1658 234 1705 lium
270 1660 593 1708 committunt:
623 1662 670 1708 &
701 1663 850 1724 primo
893 1662 1004 1708 adeo
1038 1660 1199 1708 acriter
1232 1660 1409 1708 invase-

121 1742 255 1786 runt,
278 1743 329 1776 ut
349 1732 661 1796 antesignanos
691 1733 963 1796 impulerint.
995 1732 1140 1792 Quod
1158 1731 1234 1779 ubi
1263 1733 1408 1779 anim-

122 1802 345 1860 advertit,
368 1804 537 1850 veritus
557 1822 611 1852 ne
632 1806 746 1852 moti
771 1806 899 1851 semel
921 1805 1213 1868 pellerentur,
1238 1805 1406 1851 cohor-

122 1886 210 1920 tem
249 1875 500 1922 Marsorum
540 1877 780 1939 opposuit:
817 1880 865 1925 &
906 1877 1107 1941 equitum
1139 1876 1405 1922 Latinorum

121 1963 279 1994 omnes
306 1963 471 1995 turmas
499 1948 545 1995 in
565 1948 737 1995 hostem
762 1950 912 1996 emisit.
954 1952 1164 2010 Quorum
1191 1965 1290 1996 cum
1313 1949 1406 2010 pri-

120 2036 221 2066 mus
235 2019 534 2084 secundusque
549 2021 741 2085 impetus
755 2023 976 2069 retuslifl'et
998 2023 1260 2069 inferentem
1285 2021 1325 2067 se
1343 2021 1405 2068 fe-

121 2091 289 2137 rociter
307 2092 508 2150 hostem,
531 2093 797 2154 confirmata
815 2097 863 2143 δέ
885 2096 1051 2159 reliqua
1069 2095 1182 2142 acies
1199 2096 1405 2141 Romana

122 2162 278 2209 restitit
295 2163 466 2225 primo,
486 2164 649 2211 deinde
671 2167 787 2230 signa
806 2168 968 2215 acriter
986 2167 1150 2214 intulit.
1188 2183 1271 2212 nec
1288 2166 1404 2212 ultra

122 2233 418 2282 sustinuerunt
443 2253 668 2285 certamen
700 2240 845 2297 Galli,
877 2241 991 2302 quin
1011 2253 1131 2302 terga
1151 2251 1407 2299 verterent,

121 2317 254 2367 atque
287 2305 420 2351 effuse
450 2305 667 2369 fugerent.
698 2310 746 2353 ln
778 2325 833 2354 eo
867 2309 1032 2371 proelio
1058 2310 1185 2369 supra
1218 2317 1408 2370 quadra-

121 2377 239 2440 ginta
259 2377 395 2423 millia
420 2379 657 2426 hominum
679 2380 809 2438 caesa,
827 2380 1028 2427 Valerius
1048 2380 1203 2426 Antias
1224 2379 1404 2426 scribit:

120 2450 169 2497 ὅ(
198 2450 437 2514 quingenta
471 2452 634 2515 septem
664 2453 783 2518 figna
810 2453 1017 2501 militaria
1039 2465 1193 2515 capta,
1225 2453 1275 2499 &
1307 2469 1407 2499 car·
