1592 2724
244 152 335 201 334
603 133 1159 181 T1T1L1v11

241 258 319 291 cus
350 238 618 304 colloquio)
657 239 806 287 venit:
841 237 978 285 tertio
1014 237 1083 284 die
1119 238 1248 284 datur
1274 235 1313 284 ei
1343 237 1516 284 Roma³

240 333 407 363 norum
427 331 479 361 ac
500 311 726 360 sociorum
749 311 959 375 frequens
978 310 1239 358 concilium.
1266 308 1331 357 Ibi
1351 311 1516 372 Philip·

240 406 322 454 pus
354 405 568 453 perquam
600 386 872 450 prudenter,
900 385 982 444 iis,
1013 384 1103 430 sine
1133 383 1293 447 quibus
1321 401 1406 447 pax
1431 383 1517 430 im-

239 461 404 527 petrari
441 478 536 508 non
571 470 778 522 poterat,
811 458 885 505 sua
923 457 1075 521 potius
1111 458 1347 504 voluntate
1383 455 1521 503 omis-

239 535 320 595 fis,
340 552 472 599 quam
502 546 551 580 ut
581 533 838 580 altercando
863 542 1268 594 extorquerentur,
1287 550 1371 593 quae
1383 520 1527 593 priore¹

240 614 443 670 colloquio
471 624 545 654 aut
575 611 775 668 imperata
809 627 836 653 a
866 609 1104 664 Romanis,
1132 623 1205 652 aaz
1224 608 1435 673 postulata
1467 605 1519 650 ab

229 685 364 744 sociis
395 681 542 745 efflat,
577 684 720 727 omnia
744 681 793 741 fi
827 682 1036 725 concedere
1055 714 1069 737 ,
1106 682 1154 724 de
1187 682 1322 725 ceteris
1349 679 1521 738 senatui

233 753 521 819 permiffitrum
537 788 552 810 ,
598 750 726 799 dixit.
775 752 1047 813 Quanquam
1091 752 1166 797 vel
1211 746 1522 797 inimiciffimis

239 826 450 872 omnibus
471 822 735 887 praeclusisse
752 837 920 869 vocem
947 820 1207 880 videbatur,
1228 822 1438 868 Phaeneas
1455 831 1522 866 ta-

237 916 341 946 men
361 899 567 956 AEtolus‚
595 895 763 945 cunffis
783 894 1031 942 tacentibus
1050 930 1064 953 ‚
1096 897 1248 956 Quid?
1273 897 1421 952 nohis,
1447 894 1521 939 in-

239 971 366 1035 quit,
386 972 585 1032 Philippe
598 1006 611 1028 ‚
632 971 819 1030 reddffne
836 972 1003 1015 candem
1020 970 1272 1029 Pharsalum
1286 1001 1301 1025 ‚
1321 965 1364 1013 ἂ
1381 959 1522 1026 Laris-'-

228 1047 328 1108 sam
350 1045 598 1109 Cremasten,
621 1041 663 1089 ὅ*
682 1045 919 1100 Echinum,
937 1039 980 1087 G·
1001 1044 1160 1089 Thebas
1175 1042 1384 1086 Phthias?
1404 1040 1523 1086 Cum

239 1116 474 1180 Philippus
495 1113 608 1160 nihil
628 1112 794 1159 morari
819 1113 987 1160 diceret
1003 1149 1017 1172 ‚
1048 1129 1142 1176 quo
1173 1112 1322 1158 minus
1348 1110 1523 1171 recipe-

241 1202 370 1246 rent3
405 1186 668 1250 disceptatio
704 1184 821 1231 inter
846 1185 1164 1248 imperatorem
1190 1185 1447 1232 Romanum
1474 1185 1524 1231 δε

242 1261 423 1312 AEtolos
453 1271 552 1308 orta
584 1257 645 1305 est
675 1257 729 1303 de
763 1257 964 1307 Thebis:
989 1274 1112 1314 nam,
1135 1273 1206 1303 eas
1235 1256 1394 1319 populi
1428 1256 1525 1300 Ro-

239 1335 363 1385 mani
378 1334 474 1396 jure
494 1331 603 1379 belli
623 1330 755 1378 faRas
772 1329 879 1387 effe,
898 1329 1139 1390 Quinffius
1158 1330 1355 1387 dicebat,
1373 1327 1524 1390 quod,

241 1407 426 1473 integris
454 1406 587 1453 rebus
609 1440 623 1463 ‚
652 1403 855 1451 exercitu
884 1402 939 1449 ab
970 1402 1012 1450 se
1048 1403 1264 1460 admot0‚
1294 1400 1446 1448 vocati
1467 1398 1525 1445 in

240 1481 510 1539 amicitiam,
543 1496 643 1527 cum
665 1476 857 1541 potestas
886 1477 1024 1524 libera
1045 1475 1312 1524 desciscendi
1335 1475 1391 1521 ab
1422 1490 1527 1537 rege

241 1556 370 1611 estet,
412 1554 578 1618 regiam
617 1551 874 1599 societatem
914 1550 1134 1595 Romanae
1173 1546 1525 1611 praeposuiffent.

241 1630 484 1684 Phaeneas,
514 1627 564 1674 δι
586 1640 670 1687 pro
696 1623 907 1670 societate
935 1621 1065 1680 belli,
1093 1637 1194 1684 quae
1223 1632 1326 1667 ante
1355 1619 1523 1666 bellum

243 1700 494 1751 habuissent
511 1736 524 1759 ,
547 1697 717 1746 restitui
739 1694 901 1744 AEtolis
936 1712 1111 1758 aequum
1141 1693 1346 1741 censebat
1362 1727 1376 1752 ‚
1396 1694 1445 1739 &
1465 1693 1525 1739 ita

243 1777 291 1824 in
325 1775 496 1823 foedere
525 1773 677 1836 primo
704 1781 883 1818 cautum
912 1769 996 1815 effe
1013 1805 1027 1827 ,
1061 1780 1113 1815 ut
1139 1766 1246 1813 belli
1280 1766 1426 1829 praeda
1454 1781 1526 1810 re-

243 1864 435 1911 rumque
452 1883 467 1905 ,
487 1863 589 1910 quae
607 1843 713 1891 ferri
731 1842 888 1906 agique
907 1840 1082 1904 poffent
1098 1876 1112 1896 ‚
1135 1840 1398 1893 Romanos;
1422 1851 1527 1899 ager

245 1921 461 1983 urbesque
487 1930 630 1980 captae
649 1916 830 1964 AEtolos
858 1914 1157 1978 sequerentur.
1200 1917 1317 1969 Vos,
1346 1909 1495 1975 inquit
1511 1942 1527 1969 ,

246 1996 345 2060 ipsi,
363 1992 626 2053 Quinstius‚
633 1991 852 2052 societatis
872 1988 987 2052 {stills
1004 1991 1116 2048 leges*
1130 1985 1289 2046 rupistis
1303 2019 1316 2039 ‚
1333 2001 1412 2045 quo
1429 1998 1527 2028 tem·

242 2085 369 2129 pore,
388 2065 533 2110 relic‘lis
562 2064 705 2119 nohis,
731 2079 821 2106 cum
840 2061 1039 2118 Philippo
1062 2076 1203 2118 pacem
1221 2056 1410 2122 fhczstis:
1441 2070 1527 2113 quae

236 2139 287 2205 fi
299 2153 477 2184 maneret
489 2172 502 2192 ,
521 2151 732 2196 captarum
751 2149 887 2178 cametz
904 2134 1063 2177 urbium
1082 2134 1159 2176 illa
1178 2134 1247 2175 lex
1255 2129 1381 2187 soret.
1402 2126 1530 2185 lees-

239 2217 364 2279 salice
390 2213 576 2259 civitates
580 2212 666 2271 sua
683 2214 892 2255 voluntate
915 2211 961 2253 in
979 2208 1179 2253 ditionem
1204 2206 1380 2270 nostram
1407 2219 1527 2246 vene—

252 2304 374 2336 rum.-
394 2288 531 2342 Haec,
562 2301 663 2331 cum
693 2282 899 2328 onmium
929 2280 1156 2327 sociorum
1192 2275 1358 2324 assensu
1389 2274 1527 2331 dicia,

252 2358 415 2408 AEtolis
450 2373 542 2404 non
571 2357 617 2401 in
649 2354 881 2418 praesentia
907 2353 1048 2398 modo
1079 2350 1234 2414 gravia
1255 2347 1435 2405 auditu,
1455 2344 1528 2392 sed

252 2451 365 2483 mox
398 2432 505 2481 belli
534 2431 664 2478 etiam
691 2428 859 2488 causae,
890 2440 1242 2491 magnarumque
1277 2439 1333 2470 ex
1360 2437 1416 2468 eo
1442 2420 1529 2469 cla·
