<?xml version="1.0" encoding="UTF-8"?>
<!DOCTYPE html PUBLIC "-//W3C//DTD XHTML 1.0 Transitional//EN"
    "http://www.w3.org/TR/xhtml1/DTD/xhtml1-transitional.dtd">
<html xmlns="http://www.w3.org/1999/xhtml" xml:lang="en" lang="en">
 <head>
  <title>
</title>
<meta http-equiv="Content-Type" content="text/html;charset=utf-8" />
  <meta name='ocr-system' content='tesseract 3.04.00' />
  <meta name='ocr-capabilities' content='ocr_page ocr_carea ocr_par ocr_line ocrx_word'/>
</head>
<body>
  <div class='ocr_page' id='page_1' title='image "./historiarumlibri05livyuoft_0380.png"; bbox 0 0 1592 2724; ppageno 0'>
   <div class='ocr_carea' id='block_1_1' title="bbox 242 139 1178 203">
    <p class='ocr_par' dir='ltr' id='par_1_1' title="bbox 242 139 1178 203">
     <span class='ocr_line' id='line_1_1' title="bbox 242 139 1178 203; baseline -0.002 -15"><span class='ocrx_word' id='word_1_1' title='bbox 242 141 336 203; x_wconf 80' lang='lat'>364</span> <span class='ocrx_word' id='word_1_2' title='bbox 611 139 1178 186; x_wconf 84' lang='lat' dir='ltr'>T1T1L1V11</span> 
     </span>
    </p>
   </div>
   <div class='ocr_carea' id='block_1_2' title="bbox 206 242 1563 2436">
    <p class='ocr_par' dir='ltr' id='par_1_2' title="bbox 206 242 1563 2436">
     <span class='ocr_line' id='line_1_2' title="bbox 238 242 1526 310; baseline 0.005 -22"><span class='ocrx_word' id='word_1_3' title='bbox 238 243 424 307; x_wconf 87' lang='lat' dir='ltr'>quendo</span> <span class='ocrx_word' id='word_1_4' title='bbox 454 242 801 310; x_wconf 85' lang='lat' dir='ltr'>castigandoque</span> <span class='ocrx_word' id='word_1_5' title='bbox 821 246 1115 294; x_wconf 81' lang='lat' dir='ltr'>temeritatem</span> <span class='ocrx_word' id='word_1_6' title='bbox 1137 249 1186 295; x_wconf 88' lang='lat'>&amp;</span> <span class='ocrx_word' id='word_1_7' title='bbox 1207 246 1526 310; x_wconf 80' lang='lat' dir='ltr'>pertinaciam,</span> 
     </span>
     <span class='ocr_line' id='line_1_3' title="bbox 239 317 1529 386; baseline 0.006 -23"><span class='ocrx_word' id='word_1_8' title='bbox 239 317 360 380; x_wconf 86' lang='lat' dir='ltr'>spem</span> <span class='ocrx_word' id='word_1_9' title='bbox 388 319 638 367; x_wconf 81' lang='lat' dir='ltr'>conabatur</span> <span class='ocrx_word' id='word_1_10' title='bbox 667 320 840 379; x_wconf 87' lang='lat' dir='ltr'>facere,</span> <span class='ocrx_word' id='word_1_11' title='bbox 876 322 1039 380; x_wconf 82' lang='lat' dir='ltr'>brevi,</span> <span class='ocrx_word' id='word_1_12' title='bbox 1062 341 1163 386; x_wconf 84' lang='lat' dir='ltr'>quae</span> <span class='ocrx_word' id='word_1_13' title='bbox 1184 336 1416 386; x_wconf 84' lang='lat' dir='ltr'>peterent,</span> <span class='ocrx_word' id='word_1_14' title='bbox 1445 326 1529 371; x_wconf 87' lang='lat' dir='ltr'>ha-</span> 
     </span>
     <span class='ocr_line' id='line_1_4' title="bbox 239 389 1528 457; baseline 0.005 -21"><span class='ocrx_word' id='word_1_15' title='bbox 239 389 443 447; x_wconf 83' lang='lat' dir='ltr'>bituros;</span> <span class='ocrx_word' id='word_1_16' title='bbox 480 391 551 438; x_wconf 90' lang='lat' dir='ltr'>sed</span> <span class='ocrx_word' id='word_1_17' title='bbox 584 410 685 440; x_wconf 91' lang='lat' dir='ltr'>cum</span> <span class='ocrx_word' id='word_1_18' title='bbox 722 393 821 440; x_wconf 84' lang='lat' dir='ltr'>satis</span> <span class='ocrx_word' id='word_1_19' title='bbox 854 396 902 441; x_wconf 85' lang='lat'>&amp;</span> <span class='ocrx_word' id='word_1_20' title='bbox 939 395 1070 457; x_wconf 85' lang='lat' dir='ltr'>ipfis,</span> <span class='ocrx_word' id='word_1_21' title='bbox 1105 399 1153 444; x_wconf 89' lang='lat'>&amp;</span> <span class='ocrx_word' id='word_1_22' title='bbox 1186 397 1397 444; x_wconf 85' lang='lat' dir='ltr'>omnibus</span> <span class='ocrx_word' id='word_1_23' title='bbox 1430 397 1528 444; x_wconf 82' lang='lat' dir='ltr'>aliis</span> 
     </span>
     <span class='ocr_line' id='line_1_5' title="bbox 239 467 1527 530; baseline 0.005 -20"><span class='ocrx_word' id='word_1_24' title='bbox 239 478 470 526; x_wconf 85' lang='lat' dir='ltr'>appareret</span> <span class='ocrx_word' id='word_1_25' title='bbox 487 501 502 523; x_wconf 86' lang='lat'>,</span> <span class='ocrx_word' id='word_1_26' title='bbox 534 467 588 512; x_wconf 84' lang='lat' dir='ltr'>ab</span> <span class='ocrx_word' id='word_1_27' title='bbox 607 483 707 529; x_wconf 82' lang='lat' dir='ltr'>rege</span> <span class='ocrx_word' id='word_1_28' title='bbox 728 467 1009 530; x_wconf 87' lang='lat' dir='ltr'>impetratam</span> <span class='ocrx_word' id='word_1_29' title='bbox 1030 486 1109 517; x_wconf 88' lang='lat' dir='ltr'>eos</span> <span class='ocrx_word' id='word_1_30' title='bbox 1130 471 1377 518; x_wconf 87' lang='lat' dir='ltr'>libertatem</span> <span class='ocrx_word' id='word_1_31' title='bbox 1393 507 1408 529; x_wconf 84' lang='lat'>‚</span> <span class='ocrx_word' id='word_1_32' title='bbox 1429 486 1527 516; x_wconf 87' lang='lat' dir='ltr'>non</span> 
     </span>
     <span class='ocr_line' id='line_1_6' title="bbox 240 537 1529 606; baseline 0.005 -24"><span class='ocrx_word' id='word_1_33' title='bbox 240 553 320 599; x_wconf 93' lang='lat' dir='ltr'>per</span> <span class='ocrx_word' id='word_1_34' title='bbox 341 537 625 584; x_wconf 75' lang='lat' dir='ltr'>occasionem</span> <span class='ocrx_word' id='word_1_35' title='bbox 650 552 846 600; x_wconf 80' lang='lat' dir='ltr'>raptam,</span> <span class='ocrx_word' id='word_1_36' title='bbox 876 541 1051 589; x_wconf 88' lang='lat' dir='ltr'>habere.</span> <span class='ocrx_word' id='word_1_37' title='bbox 1088 543 1313 590; x_wconf 79' lang='lat' dir='ltr'>AdVersus</span> <span class='ocrx_word' id='word_1_38' title='bbox 1333 561 1435 606; x_wconf 70' lang='lat' dir='ltr'>qua:</span> <span class='ocrx_word' id='word_1_39' title='bbox 1455 559 1529 588; x_wconf 90' lang='lat' dir='ltr'>re·</span> 
     </span>
     <span class='ocr_line' id='line_1_7' title="bbox 240 609 1528 678; baseline 0.007 -25"><span class='ocrx_word' id='word_1_40' title='bbox 240 609 512 671; x_wconf 79' lang='lat' dir='ltr'>spodebant,</span> <span class='ocrx_word' id='word_1_41' title='bbox 547 613 676 656; x_wconf 76' lang='lat' dir='ltr'>Nilzil</span> <span class='ocrx_word' id='word_1_42' title='bbox 690 631 815 672; x_wconf 72' lang='lat' dir='ltr'>neque</span> <span class='ocrx_word' id='word_1_43' title='bbox 839 618 1011 673; x_wconf 81' lang='lat' dir='ltr'>mirari,</span> <span class='ocrx_word' id='word_1_44' title='bbox 1033 636 1157 677; x_wconf 79' lang='lat' dir='ltr'>neque</span> <span class='ocrx_word' id='word_1_45' title='bbox 1173 619 1409 678; x_wconf 74' lang='lat' dir='ltr'>ficccensere</span> <span class='ocrx_word' id='word_1_46' title='bbox 1424 622 1528 662; x_wconf 73' lang='lat' dir='ltr'>Arz-</span> 
     </span>
     <span class='ocr_line' id='line_1_8' title="bbox 239 684 1529 752; baseline 0.005 -24"><span class='ocrx_word' id='word_1_47' title='bbox 239 685 422 728; x_wconf 71' lang='lat' dir='ltr'>tiochum</span> <span class='ocrx_word' id='word_1_48' title='bbox 457 685 622 740; x_wconf 74' lang='lat' dir='ltr'>debere,</span> <span class='ocrx_word' id='word_1_49' title='bbox 646 684 696 747; x_wconf 84' lang='lat' dir='ltr'><em>st</em></span> <span class='ocrx_word' id='word_1_50' title='bbox 713 687 833 745; x_wconf 65' lang='lat' dir='ltr'>spem</span> <span class='ocrx_word' id='word_1_51' title='bbox 867 689 1067 734; x_wconf 77' lang='lat' dir='ltr'>libertatis</span> <span class='ocrx_word' id='word_1_52' title='bbox 1107 689 1267 752; x_wconf 69' lang='lat' dir='ltr'>dzff‘erri</span> <span class='ocrx_word' id='word_1_53' title='bbox 1303 710 1389 736; x_wconf 74' lang='lat' dir='ltr'>non</span> <span class='ocrx_word' id='word_1_54' title='bbox 1411 690 1529 750; x_wconf 80' lang='lat' dir='ltr'>satis</span> 
     </span>
     <span class='ocr_line' id='line_1_9' title="bbox 241 759 1528 821; baseline 0.005 -21"><span class='ocrx_word' id='word_1_55' title='bbox 241 774 353 816; x_wconf 79' lang='lat' dir='ltr'>aequo</span> <span class='ocrx_word' id='word_1_56' title='bbox 387 759 530 801; x_wconf 74' lang='lat' dir='ltr'>animo</span> <span class='ocrx_word' id='word_1_57' title='bbox 561 774 811 817; x_wconf 78' lang='lat' dir='ltr'>paterentur.</span> <span class='ocrx_word' id='word_1_58' title='bbox 852 759 945 821; x_wconf 85' lang='lat' dir='ltr'>Ipse</span> <span class='ocrx_word' id='word_1_59' title='bbox 981 759 1114 807; x_wconf 83' lang='lat' dir='ltr'>initio</span> <span class='ocrx_word' id='word_1_60' title='bbox 1150 762 1300 819; x_wconf 81' lang='lat' dir='ltr'>veris,</span> <span class='ocrx_word' id='word_1_61' title='bbox 1335 762 1528 808; x_wconf 73' lang='lat' dir='ltr'>navibus</span> 
     </span>
     <span class='ocr_line' id='line_1_10' title="bbox 240 828 1529 897; baseline 0.007 -24"><span class='ocrx_word' id='word_1_62' title='bbox 240 828 293 873; x_wconf 84' lang='lat' dir='ltr'>ab</span> <span class='ocrx_word' id='word_1_63' title='bbox 329 829 504 890; x_wconf 77' lang='lat' dir='ltr'>Epheso</span> <span class='ocrx_word' id='word_1_64' title='bbox 539 829 763 892; x_wconf 60' lang='lat' dir='ltr'>profectus</span> <span class='ocrx_word' id='word_1_65' title='bbox 784 866 798 889; x_wconf 90' lang='lat'>,</span> <span class='ocrx_word' id='word_1_66' title='bbox 833 830 1176 894; x_wconf 81' lang='lat' dir='ltr'>Hellespontum</span> <span class='ocrx_word' id='word_1_67' title='bbox 1208 835 1345 897; x_wconf 86' lang='lat' dir='ltr'>petit:</span> <span class='ocrx_word' id='word_1_68' title='bbox 1387 848 1529 881; x_wconf 91' lang='lat' dir='ltr'>terre-</span> 
     </span>
     <span class='ocr_line' id='line_1_11' title="bbox 244 900 1528 967; baseline 0.005 -20"><span class='ocrx_word' id='word_1_69' title='bbox 244 900 347 948; x_wconf 85' lang='lat' dir='ltr'>stres</span> <span class='ocrx_word' id='word_1_70' title='bbox 378 903 532 964; x_wconf 83' lang='lat' dir='ltr'>copias</span> <span class='ocrx_word' id='word_1_71' title='bbox 567 904 808 967; x_wconf 85' lang='lat' dir='ltr'>Madytum</span> <span class='ocrx_word' id='word_1_72' title='bbox 832 903 1024 965; x_wconf 82' lang='lat' dir='ltr'>trajicit,</span> <span class='ocrx_word' id='word_1_73' title='bbox 1055 906 1320 954; x_wconf 78' lang='lat' dir='ltr'>Chersonesi</span> <span class='ocrx_word' id='word_1_74' title='bbox 1345 908 1528 954; x_wconf 88' lang='lat' dir='ltr'>urbem:</span> 
     </span>
     <span class='ocr_line' id='line_1_12' title="bbox 246 975 1529 1043; baseline 0.005 -24"><span class='ocrx_word' id='word_1_75' title='bbox 246 975 436 1020; x_wconf 85' lang='lat' dir='ltr'>terrestri</span> <span class='ocrx_word' id='word_1_76' title='bbox 465 976 675 1022; x_wconf 87' lang='lat' dir='ltr'>navalem</span> <span class='ocrx_word' id='word_1_77' title='bbox 706 977 954 1024; x_wconf 85' lang='lat' dir='ltr'>exercitum</span> <span class='ocrx_word' id='word_1_78' title='bbox 985 977 1146 1038; x_wconf 81' lang='lat' dir='ltr'>junxit.</span> <span class='ocrx_word' id='word_1_79' title='bbox 1180 982 1259 1036; x_wconf 89' lang='lat'>&amp;‚</span> <span class='ocrx_word' id='word_1_80' title='bbox 1279 980 1382 1043; x_wconf 87' lang='lat' dir='ltr'>quia</span> <span class='ocrx_word' id='word_1_81' title='bbox 1407 980 1529 1026; x_wconf 88' lang='lat' dir='ltr'>clau-</span> 
     </span>
     <span class='ocr_line' id='line_1_13' title="bbox 206 1048 1530 1114; baseline 0.003 -20"><span class='ocrx_word' id='word_1_82' title='bbox 206 1067 215 1075; x_wconf 64' lang='lat'><strong><em>‘</em></strong></span> <span class='ocrx_word' id='word_1_83' title='bbox 244 1048 386 1097; x_wconf 79' lang='lat' dir='ltr'>serant</span> <span class='ocrx_word' id='word_1_84' title='bbox 417 1062 570 1113; x_wconf 83' lang='lat' dir='ltr'>portas</span> <span class='ocrx_word' id='word_1_85' title='bbox 588 1088 602 1110; x_wconf 85' lang='lat'>,</span> <span class='ocrx_word' id='word_1_86' title='bbox 631 1052 924 1098; x_wconf 82' lang='lat' dir='ltr'>circumdedit</span> <span class='ocrx_word' id='word_1_87' title='bbox 944 1052 1116 1099; x_wconf 81' lang='lat' dir='ltr'>moenia</span> <span class='ocrx_word' id='word_1_88' title='bbox 1138 1054 1345 1110; x_wconf 84' lang='lat' dir='ltr'>armatis,</span> <span class='ocrx_word' id='word_1_89' title='bbox 1374 1051 1530 1114; x_wconf 82' lang='lat' dir='ltr'>&amp;jam</span> 
     </span>
     <span class='ocr_line' id='line_1_14' title="bbox 244 1123 1531 1184; baseline 0.002 -16"><span class='ocrx_word' id='word_1_90' title='bbox 244 1138 383 1184; x_wconf 85' lang='lat' dir='ltr'>opera</span> <span class='ocrx_word' id='word_1_91' title='bbox 418 1123 716 1181; x_wconf 86' lang='lat' dir='ltr'>admoventi,</span> <span class='ocrx_word' id='word_1_92' title='bbox 752 1124 923 1171; x_wconf 81' lang='lat' dir='ltr'>deditio</span> <span class='ocrx_word' id='word_1_93' title='bbox 956 1124 1018 1170; x_wconf 85' lang='lat' dir='ltr'>est</span> <span class='ocrx_word' id='word_1_94' title='bbox 1057 1123 1196 1172; x_wconf 57' lang='lat' dir='ltr'>faeta:</span> <span class='ocrx_word' id='word_1_95' title='bbox 1236 1126 1356 1172; x_wconf 88' lang='lat' dir='ltr'>idem</span> <span class='ocrx_word' id='word_1_96' title='bbox 1386 1139 1531 1172; x_wconf 80' lang='lat' dir='ltr'>metus</span> 
     </span>
     <span class='ocr_line' id='line_1_15' title="bbox 245 1197 1531 1245; baseline 0.003 -4"><span class='ocrx_word' id='word_1_97' title='bbox 245 1207 338 1242; x_wconf 87' lang='lat' dir='ltr'>tum</span> <span class='ocrx_word' id='word_1_98' title='bbox 369 1197 621 1245; x_wconf 83' lang='lat' dir='ltr'>incolentes</span> <span class='ocrx_word' id='word_1_99' title='bbox 651 1198 755 1245; x_wconf 85' lang='lat' dir='ltr'>alias</span> <span class='ocrx_word' id='word_1_100' title='bbox 784 1198 1048 1244; x_wconf 77' lang='lat' dir='ltr'>Chersonesi</span> <span class='ocrx_word' id='word_1_101' title='bbox 1084 1199 1217 1245; x_wconf 87' lang='lat' dir='ltr'>urbes</span> <span class='ocrx_word' id='word_1_102' title='bbox 1247 1200 1293 1245; x_wconf 86' lang='lat' dir='ltr'>in</span> <span class='ocrx_word' id='word_1_103' title='bbox 1332 1198 1531 1245; x_wconf 79' lang='lat' dir='ltr'>deditio-</span> 
     </span>
     <span class='ocr_line' id='line_1_16' title="bbox 244 1271 1530 1336; baseline 0.001 -19"><span class='ocrx_word' id='word_1_104' title='bbox 244 1288 348 1317; x_wconf 88' lang='lat' dir='ltr'>nem</span> <span class='ocrx_word' id='word_1_105' title='bbox 382 1271 515 1318; x_wconf 85' lang='lat' dir='ltr'>dedit.</span> <span class='ocrx_word' id='word_1_106' title='bbox 553 1273 876 1336; x_wconf 81' lang='lat' dir='ltr'>Lysimachiam</span> <span class='ocrx_word' id='word_1_107' title='bbox 911 1272 1014 1318; x_wconf 86' lang='lat' dir='ltr'>inde</span> <span class='ocrx_word' id='word_1_108' title='bbox 1045 1273 1255 1320; x_wconf 84' lang='lat' dir='ltr'>omnibus</span> <span class='ocrx_word' id='word_1_109' title='bbox 1289 1274 1417 1320; x_wconf 89' lang='lat' dir='ltr'>fimul</span> <span class='ocrx_word' id='word_1_110' title='bbox 1450 1290 1530 1319; x_wconf 83' lang='lat' dir='ltr'>na-</span> 
     </span>
     <span class='ocr_line' id='line_1_17' title="bbox 247 1344 1530 1410; baseline 0.001 -21"><span class='ocrx_word' id='word_1_111' title='bbox 247 1344 427 1392; x_wconf 81' lang='lat' dir='ltr'>valibus</span> <span class='ocrx_word' id='word_1_112' title='bbox 449 1345 810 1410; x_wconf 79' lang='lat' dir='ltr'>terrestribusque</span> <span class='ocrx_word' id='word_1_113' title='bbox 841 1344 985 1408; x_wconf 83' lang='lat' dir='ltr'>copiis</span> <span class='ocrx_word' id='word_1_114' title='bbox 1009 1344 1148 1393; x_wconf 74' lang='lat' dir='ltr'>venit,</span> <span class='ocrx_word' id='word_1_115' title='bbox 1180 1363 1312 1409; x_wconf 85' lang='lat' dir='ltr'>quam</span> <span class='ocrx_word' id='word_1_116' title='bbox 1333 1362 1434 1392; x_wconf 86' lang='lat' dir='ltr'>cum</span> <span class='ocrx_word' id='word_1_117' title='bbox 1453 1344 1530 1391; x_wconf 82' lang='lat' dir='ltr'>de-</span> 
     </span>
     <span class='ocr_line' id='line_1_18' title="bbox 247 1411 1531 1483; baseline 0.005 -24"><span class='ocrx_word' id='word_1_118' title='bbox 247 1413 404 1462; x_wconf 87' lang='lat' dir='ltr'>sertam</span> <span class='ocrx_word' id='word_1_119' title='bbox 436 1411 684 1474; x_wconf 23' lang='lat' dir='ltr'>acssstratam</span> <span class='ocrx_word' id='word_1_120' title='bbox 722 1437 863 1483; x_wconf 83' lang='lat' dir='ltr'>prope</span> <span class='ocrx_word' id='word_1_121' title='bbox 891 1419 1032 1467; x_wconf 82' lang='lat' dir='ltr'>ruinis</span> <span class='ocrx_word' id='word_1_122' title='bbox 1061 1419 1328 1477; x_wconf 74' lang='lat' dir='ltr'>invenisset,</span> <span class='ocrx_word' id='word_1_123' title='bbox 1363 1419 1531 1480; x_wconf 86' lang='lat' dir='ltr'>(cepe--</span> 
     </span>
     <span class='ocr_line' id='line_1_19' title="bbox 247 1493 1530 1558; baseline 0.002 -24"><span class='ocrx_word' id='word_1_124' title='bbox 247 1502 344 1536; x_wconf 88' lang='lat' dir='ltr'>rant</span> <span class='ocrx_word' id='word_1_125' title='bbox 368 1504 540 1552; x_wconf 82' lang='lat' dir='ltr'>autem,</span> <span class='ocrx_word' id='word_1_126' title='bbox 563 1493 870 1558; x_wconf 82' lang='lat' dir='ltr'>direptamque</span> <span class='ocrx_word' id='word_1_127' title='bbox 896 1494 1189 1541; x_wconf 86' lang='lat' dir='ltr'>incenderant</span> <span class='ocrx_word' id='word_1_128' title='bbox 1207 1493 1404 1539; x_wconf 88' lang='lat' dir='ltr'>Thraces</span> <span class='ocrx_word' id='word_1_129' title='bbox 1424 1509 1530 1554; x_wconf 86' lang='lat' dir='ltr'>pau·</span> 
     </span>
     <span class='ocr_line' id='line_1_20' title="bbox 247 1565 1532 1633; baseline 0.001 -22"><span class='ocrx_word' id='word_1_130' title='bbox 247 1565 311 1612; x_wconf 81' lang='lat' dir='ltr'>cis</span> <span class='ocrx_word' id='word_1_131' title='bbox 331 1579 433 1614; x_wconf 87' lang='lat' dir='ltr'>ante</span> <span class='ocrx_word' id='word_1_132' title='bbox 451 1568 611 1633; x_wconf 83' lang='lat' dir='ltr'>annis)</span> <span class='ocrx_word' id='word_1_133' title='bbox 635 1570 804 1631; x_wconf 85' lang='lat' dir='ltr'>cupido</span> <span class='ocrx_word' id='word_1_134' title='bbox 825 1586 927 1616; x_wconf 85' lang='lat' dir='ltr'>eum</span> <span class='ocrx_word' id='word_1_135' title='bbox 955 1568 1215 1615; x_wconf 89' lang='lat' dir='ltr'>restituendi</span> <span class='ocrx_word' id='word_1_136' title='bbox 1236 1568 1437 1615; x_wconf 87' lang='lat' dir='ltr'>nobilem</span> <span class='ocrx_word' id='word_1_137' title='bbox 1458 1583 1532 1612; x_wconf 87' lang='lat' dir='ltr'>ur·</span> 
     </span>
     <span class='ocr_line' id='line_1_21' title="bbox 246 1641 1531 1708; baseline 0.002 -21"><span class='ocrx_word' id='word_1_138' title='bbox 246 1641 347 1688; x_wconf 89' lang='lat' dir='ltr'>bem</span> <span class='ocrx_word' id='word_1_139' title='bbox 364 1678 377 1700; x_wconf 91' lang='lat'>‚</span> <span class='ocrx_word' id='word_1_140' title='bbox 407 1645 456 1690; x_wconf 67' lang='grc' dir='ltr'>ὃ(</span> <span class='ocrx_word' id='word_1_141' title='bbox 474 1644 582 1692; x_wconf 84' lang='grc' dir='ltr'>10εο</span> <span class='ocrx_word' id='word_1_142' title='bbox 609 1645 733 1692; x_wconf 82' lang='lat' dir='ltr'>fitam</span> <span class='ocrx_word' id='word_1_143' title='bbox 752 1657 1020 1708; x_wconf 89' lang='lat' dir='ltr'>opportuno</span> <span class='ocrx_word' id='word_1_144' title='bbox 1038 1681 1051 1701; x_wconf 87' lang='lat'>‚</span> <span class='ocrx_word' id='word_1_145' title='bbox 1073 1645 1206 1706; x_wconf 85' lang='lat' dir='ltr'>cepit.</span> <span class='ocrx_word' id='word_1_146' title='bbox 1236 1647 1382 1707; x_wconf 84' lang='lat' dir='ltr'>ltaque</span> <span class='ocrx_word' id='word_1_147' title='bbox 1403 1641 1531 1689; x_wconf 85' lang='lat' dir='ltr'>omni</span> 
     </span>
     <span class='ocr_line' id='line_1_22' title="bbox 248 1715 1532 1784; baseline -0.001 -21"><span class='ocrx_word' id='word_1_148' title='bbox 248 1733 357 1763; x_wconf 88' lang='lat' dir='ltr'>cura</span> <span class='ocrx_word' id='word_1_149' title='bbox 391 1717 516 1764; x_wconf 79' lang='lat' dir='ltr'>simul</span> <span class='ocrx_word' id='word_1_150' title='bbox 547 1719 610 1766; x_wconf 88' lang='lat' dir='ltr'>est</span> <span class='ocrx_word' id='word_1_151' title='bbox 643 1721 859 1784; x_wconf 71' lang='lat' dir='ltr'>aggressus</span> <span class='ocrx_word' id='word_1_152' title='bbox 891 1721 941 1767; x_wconf 73' lang='grc' dir='ltr'>δε</span> <span class='ocrx_word' id='word_1_153' title='bbox 965 1720 1107 1776; x_wconf 67' lang='grc' dir='ltr'>ῐεξὶᾶ,</span> <span class='ocrx_word' id='word_1_154' title='bbox 1137 1717 1379 1782; x_wconf 86' lang='lat' dir='ltr'>murosque</span> <span class='ocrx_word' id='word_1_155' title='bbox 1406 1715 1532 1762; x_wconf 59' lang='lat' dir='ltr'>resti³</span> 
     </span>
     <span class='ocr_line' id='line_1_23' title="bbox 247 1789 1533 1854; baseline -0.001 -20"><span class='ocrx_word' id='word_1_156' title='bbox 247 1799 372 1836; x_wconf 91' lang='lat' dir='ltr'>tuere</span> <span class='ocrx_word' id='word_1_157' title='bbox 386 1823 400 1844; x_wconf 90' lang='lat'>‚</span> <span class='ocrx_word' id='word_1_158' title='bbox 422 1793 471 1839; x_wconf 86' lang='lat'>&amp;</span> <span class='ocrx_word' id='word_1_159' title='bbox 499 1791 662 1853; x_wconf 70' lang='lat' dir='ltr'>partim</span> <span class='ocrx_word' id='word_1_160' title='bbox 692 1792 910 1839; x_wconf 88' lang='lat' dir='ltr'>redimere</span> <span class='ocrx_word' id='word_1_161' title='bbox 931 1791 1174 1839; x_wconf 82' lang='lat' dir='ltr'>servientes</span> <span class='ocrx_word' id='word_1_162' title='bbox 1194 1789 1533 1854; x_wconf 85' lang='lat' dir='ltr'>Lyfimachien·</span> 
     </span>
     <span class='ocr_line' id='line_1_24' title="bbox 248 1863 1563 1929; baseline 0.001 -18"><span class='ocrx_word' id='word_1_163' title='bbox 248 1863 340 1921; x_wconf 82' lang='lat' dir='ltr'>ses,</span> <span class='ocrx_word' id='word_1_164' title='bbox 375 1865 536 1926; x_wconf 85' lang='lat' dir='ltr'>partim</span> <span class='ocrx_word' id='word_1_165' title='bbox 571 1865 674 1929; x_wconf 85' lang='lat' dir='ltr'>fuga</span> <span class='ocrx_word' id='word_1_166' title='bbox 705 1866 876 1929; x_wconf 88' lang='lat' dir='ltr'>sparsos</span> <span class='ocrx_word' id='word_1_167' title='bbox 912 1883 991 1929; x_wconf 89' lang='lat' dir='ltr'>per</span> <span class='ocrx_word' id='word_1_168' title='bbox 1017 1864 1357 1927; x_wconf 84' lang='lat' dir='ltr'>Hellespontum</span> <span class='ocrx_word' id='word_1_169' title='bbox 1386 1864 1531 1910; x_wconf 86' lang='lat' dir='ltr'>Cher-</span> <span class='ocrx_word' id='word_1_170' title='bbox 1562 1908 1563 1912; x_wconf 75' lang='grc'>,</span> 
     </span>
     <span class='ocr_line' id='line_1_25' title="bbox 249 1935 1534 2001; baseline -0.002 -18"><span class='ocrx_word' id='word_1_171' title='bbox 249 1935 547 1999; x_wconf 86' lang='lat' dir='ltr'>sonesumque</span> <span class='ocrx_word' id='word_1_172' title='bbox 577 1939 846 2001; x_wconf 87' lang='lat' dir='ltr'>conquirere</span> <span class='ocrx_word' id='word_1_173' title='bbox 865 1939 1242 1998; x_wconf 84' lang='lat' dir='ltr'>contrahereque:</span> <span class='ocrx_word' id='word_1_174' title='bbox 1264 1936 1422 1997; x_wconf 85' lang='lat' dir='ltr'>partim</span> <span class='ocrx_word' id='word_1_175' title='bbox 1446 1951 1534 1980; x_wconf 87' lang='lat' dir='ltr'>no-</span> 
     </span>
     <span class='ocr_line' id='line_1_26' title="bbox 248 2005 1534 2071; baseline -0.002 -18"><span class='ocrx_word' id='word_1_176' title='bbox 248 2023 334 2053; x_wconf 85' lang='lat' dir='ltr'>vos</span> <span class='ocrx_word' id='word_1_177' title='bbox 355 2008 551 2055; x_wconf 87' lang='lat' dir='ltr'>colonos</span> <span class='ocrx_word' id='word_1_178' title='bbox 567 2044 579 2066; x_wconf 92' lang='lat'><strong>‚</strong></span> <span class='ocrx_word' id='word_1_179' title='bbox 607 2009 678 2071; x_wconf 90' lang='lat' dir='ltr'>spe</span> <span class='ocrx_word' id='word_1_180' title='bbox 706 2009 1055 2056; x_wconf 85' lang='lat' dir='ltr'>commodorum</span> <span class='ocrx_word' id='word_1_181' title='bbox 1082 2007 1312 2070; x_wconf 81' lang='lat' dir='ltr'>proposita</span> <span class='ocrx_word' id='word_1_182' title='bbox 1329 2042 1342 2062; x_wconf 84' lang='lat'>,</span> <span class='ocrx_word' id='word_1_183' title='bbox 1367 2005 1534 2053; x_wconf 86' lang='lat' dir='ltr'>adscri-</span> 
     </span>
     <span class='ocr_line' id='line_1_27' title="bbox 249 2078 1533 2143; baseline -0.002 -17"><span class='ocrx_word' id='word_1_184' title='bbox 249 2078 355 2126; x_wconf 89' lang='lat' dir='ltr'>bere</span> <span class='ocrx_word' id='word_1_185' title='bbox 374 2115 389 2137; x_wconf 89' lang='lat'>,</span> <span class='ocrx_word' id='word_1_186' title='bbox 422 2081 471 2126; x_wconf 88' lang='lat'>&amp;</span> <span class='ocrx_word' id='word_1_187' title='bbox 498 2081 625 2126; x_wconf 87' lang='lat' dir='ltr'>omni</span> <span class='ocrx_word' id='word_1_188' title='bbox 657 2081 797 2128; x_wconf 90' lang='lat' dir='ltr'>modo</span> <span class='ocrx_word' id='word_1_189' title='bbox 826 2079 1122 2143; x_wconf 80' lang='lat' dir='ltr'>frequentare.</span> <span class='ocrx_word' id='word_1_190' title='bbox 1160 2078 1285 2124; x_wconf 76' lang='lat' dir='ltr'>simul</span> <span class='ocrx_word' id='word_1_191' title='bbox 1315 2090 1364 2124; x_wconf 90' lang='lat' dir='ltr'>ut</span> <span class='ocrx_word' id='word_1_192' title='bbox 1382 2078 1533 2125; x_wconf 84' lang='lat' dir='ltr'>Thra-</span> 
     </span>
     <span class='ocr_line' id='line_1_28' title="bbox 250 2152 1532 2216; baseline -0.002 -16"><span class='ocrx_word' id='word_1_193' title='bbox 250 2171 355 2201; x_wconf 88' lang='lat' dir='ltr'>cum</span> <span class='ocrx_word' id='word_1_194' title='bbox 375 2153 722 2201; x_wconf 87' lang='lat' dir='ltr'>submoveretur</span> <span class='ocrx_word' id='word_1_195' title='bbox 741 2167 884 2201; x_wconf 83' lang='lat' dir='ltr'>metus</span> <span class='ocrx_word' id='word_1_196' title='bbox 898 2190 911 2212; x_wconf 83' lang='lat'>‚</span> <span class='ocrx_word' id='word_1_197' title='bbox 932 2152 1023 2216; x_wconf 82' lang='lat' dir='ltr'>ipse</span> <span class='ocrx_word' id='word_1_198' title='bbox 1047 2165 1170 2215; x_wconf 88' lang='lat' dir='ltr'>parte</span> <span class='ocrx_word' id='word_1_199' title='bbox 1188 2153 1371 2199; x_wconf 86' lang='lat' dir='ltr'>dimidia</span> <span class='ocrx_word' id='word_1_200' title='bbox 1391 2165 1532 2197; x_wconf 74' lang='lat' dir='ltr'>terre-</span> 
     </span>
     <span class='ocr_line' id='line_1_29' title="bbox 250 2223 1535 2293; baseline -0.003 -22"><span class='ocrx_word' id='word_1_201' title='bbox 250 2225 401 2272; x_wconf 84' lang='lat' dir='ltr'>strium</span> <span class='ocrx_word' id='word_1_202' title='bbox 422 2226 656 2289; x_wconf 85' lang='lat' dir='ltr'>copiarum</span> <span class='ocrx_word' id='word_1_203' title='bbox 690 2227 744 2272; x_wconf 89' lang='lat' dir='ltr'>ad</span> <span class='ocrx_word' id='word_1_204' title='bbox 764 2225 1129 2293; x_wconf 85' lang='lat' dir='ltr'>depopulandum</span> <span class='ocrx_word' id='word_1_205' title='bbox 1152 2224 1360 2286; x_wconf 66' lang='lat' dir='ltr'>proxima</span> <span class='ocrx_word' id='word_1_206' title='bbox 1387 2223 1535 2268; x_wconf 81' lang='lat' dir='ltr'>Thra-</span> 
     </span>
     <span class='ocr_line' id='line_1_30' title="bbox 250 2297 1533 2362; baseline -0.003 -16"><span class='ocrx_word' id='word_1_207' title='bbox 250 2299 332 2346; x_wconf 77' lang='lat' dir='ltr'>ciae</span> <span class='ocrx_word' id='word_1_208' title='bbox 358 2299 419 2346; x_wconf 88' lang='lat' dir='ltr'>est</span> <span class='ocrx_word' id='word_1_209' title='bbox 446 2299 696 2362; x_wconf 58' lang='lat' dir='ltr'>profectus:</span> <span class='ocrx_word' id='word_1_210' title='bbox 724 2313 896 2362; x_wconf 86' lang='lat' dir='ltr'>partem</span> <span class='ocrx_word' id='word_1_211' title='bbox 923 2298 1187 2360; x_wconf 83' lang='lat' dir='ltr'>navalesque</span> <span class='ocrx_word' id='word_1_212' title='bbox 1206 2297 1354 2346; x_wconf 83' lang='lat' dir='ltr'>socios</span> <span class='ocrx_word' id='word_1_213' title='bbox 1375 2311 1533 2342; x_wconf 52' lang='lat' dir='ltr'>omne&amp;</span> 
     </span>
     <span class='ocr_line' id='line_1_31' title="bbox 250 2373 1165 2436; baseline -0.002 -17"><span class='ocrx_word' id='word_1_214' title='bbox 250 2373 432 2435; x_wconf 85' lang='lat' dir='ltr'>reliquit</span> <span class='ocrx_word' id='word_1_215' title='bbox 450 2373 495 2419; x_wconf 90' lang='lat' dir='ltr'>in</span> <span class='ocrx_word' id='word_1_216' title='bbox 517 2373 730 2436; x_wconf 79' lang='lat' dir='ltr'>operibus</span> <span class='ocrx_word' id='word_1_217' title='bbox 750 2373 1000 2420; x_wconf 66' lang='lat' dir='ltr'>reficiendae</span> <span class='ocrx_word' id='word_1_218' title='bbox 1031 2373 1165 2418; x_wconf 79' lang='lat' dir='ltr'>urbis.</span> 
     </span>
    </p>
   </div>
   <div class='ocr_carea' id='block_1_3' title="bbox 319 2440 1535 2509">
    <p class='ocr_par' dir='ltr' id='par_1_3' title="bbox 319 2440 1535 2509">
     <span class='ocr_line' id='line_1_32' title="bbox 319 2440 1535 2509; baseline -0.004 -16"><span class='ocrx_word' id='word_1_219' title='bbox 319 2448 540 2494; x_wconf 65' lang='lat' dir='ltr'><strong>XXXIX.</strong></span> <span class='ocrx_word' id='word_1_220' title='bbox 572 2449 661 2494; x_wconf 77' lang='lat' dir='ltr'>Sub</span> <span class='ocrx_word' id='word_1_221' title='bbox 691 2447 780 2494; x_wconf 81' lang='lat' dir='ltr'>hoc</span> <span class='ocrx_word' id='word_1_222' title='bbox 808 2460 982 2509; x_wconf 81' lang='lat' dir='ltr'>tempus</span> <span class='ocrx_word' id='word_1_223' title='bbox 1010 2449 1059 2495; x_wconf 61' lang='grc' dir='ltr'>ἃς</span> <span class='ocrx_word' id='word_1_224' title='bbox 1078 2449 1125 2494; x_wconf 59' lang='lat' dir='ltr'>La</span> <span class='ocrx_word' id='word_1_225' title='bbox 1150 2444 1413 2502; x_wconf 63' lang='lat' dir='ltr'>Corneliiffi,</span> <span class='ocrx_word' id='word_1_226' title='bbox 1436 2440 1535 2490; x_wconf 80' lang='lat' dir='ltr'>mis-</span> 
     </span>
    </p>
   </div>
  </div>
 </body>
</html>
