1592 2724
283 183 833 236 HISTORIARUM
870 181 993 228 LIB.
1029 179 1207 227 XXXI.
1298 183 1393 241 233

108 296 319 362 'gligentia
355 309 480 354 erat,
518 311 618 358 quae
656 288 917 338 Chalcidem
955 288 1046 334 dies
1083 300 1185 334 ante
1219 301 1394 350 paucos

111 371 385 435 prodiderat.
414 367 605 417 Excitati
626 364 788 411 nuntio
809 363 987 424 trepido
1009 364 1058 409 ὃ(
1076 372 1243 423 praetor
1255 359 1398 405 Athe-

109 443 330 489 niensium
349 479 361 497 ‚
383 443 432 488 &
454 439 715 499 Dioxippus
746 434 976 498 praefefi‘tus
1002 432 1205 479 cohortis
1226 445 1401 476 merce-

114 518 172 564 de
202 515 488 563 militantium
528 511 830 562 auxiliorum,
867 504 1138 554 convocatis
1168 503 1214 548 in
1249 502 1401 548 forum

115 589 336 636 militibus
352 624 366 643 ,
386 587 491 633 tuba
516 585 686 648 signum
713 599 768 627 ex
803 597 901 627 arce
923 580 1014 626 dari
1036 578 1221 639 jubent,
1243 588 1292 621 ut
1312 575 1403 620 ho-

118 662 201 709 :stes
235 663 373 709 adeffe
401 676 558 706 omnes
594 657 770 704 scirent.
806 656 866 702 ita
897 654 1100 716 undique
1130 651 1186 697 ad
1217 661 1404 712 portas,

117 736 174 782 ad
205 751 355 780 muros
382 733 645 779 discurrunt.
682 732 846 776 Paucas
867 727 965 791 post
988 727 1121 772 horas
1143 723 1403 785 Philippus,

119 807 531 861 aliquantoramen
563 816 665 850 ante
695 803 868 860 lucem,
890 798 1258 863 appropinquans
1279 795 1408 852 urbi,

122 878 369 941 conspeffis
402 878 646 925 luminibus
675 875 869 931 crebris,
899 875 948 919 δε
969 870 1147 917 fremitu
1168 868 1411 914 hominum

123 950 442 1012 trepidantium
476 949 554 1014 (ut
575 949 618 994 in
647 947 725 994 tali
750 942 977 1006 tumultu)
1005 940 1250 998 exaudito,
1281 937 1412 985 susti-

123 1023 226 1069 nuit
259 1022 408 1086 figna:
447 1024 497 1069 δε
529 1021 760 1069 considere
798 1035 848 1065 ac
887 1014 1208 1080 conquiescere
1251 1026 1414 1076 agmen

124 1093 270 1159 justit,
303 1097 350 1142 vi
381 1108 531 1158 aperta
561 1093 790 1158 propalam
820 1092 1010 1146 usurus,
1041 1087 1224 1152 quando
1250 1101 1412 1148 parum

126 1167 263 1214 dolus
287 1167 533 1230 profuerat.
565 1168 636 1212 Ab
656 1165 840 1229 Dipylo
861 1162 1047 1210 acceffit.
1080 1170 1214 1222 porta
1235 1174 1310 1213 ea,
1332 1171 1410 1201 ve-

126 1240 196 1287 lut
227 1241 273 1286 in
295 1257 375 1287 ore
395 1240 514 1287 urbis
535 1240 704 1302 posita,
734 1237 880 1300 major
899 1237 1131 1297 aliquanto
1159 1229 1417 1294 patentior-

125 1329 243 1374 que,
271 1329 402 1375 quam
423 1325 608 1369 ceterae,
632 1311 692 1358 est
711 1330 721 1357 :
751 1312 801 1357 &
827 1310 943 1356 intra
964 1324 1060 1354 eam
1082 1318 1294 1366 extraque
1315 1303 1419 1348 latae

129 1384 235 1432 sunt
263 1385 378 1445 viae,
409 1398 459 1432 ut
489 1388 537 1433 &
564 1384 782 1448 oppidani
805 1383 991 1446 dirigere
1021 1380 1163 1427 aciem
1195 1396 1219 1424 a
1238 1376 1343 1423 foro
1364 1374 1420 1421 ad

130 1471 311 1523 portam
333 1460 531 1522 poffent:
562 1461 611 1506 &
632 1470 756 1505 extra
784 1457 910 1504 limes
939 1454 1061 1502 mille
1084 1453 1223 1499 ferme
1252 1451 1420 1513 passus,

131 1535 183 1582 in
207 1534 459 1581 Academiae
491 1532 771 1597 gymnasium
805 1530 950 1576 ferens
970 1564 984 1587 ‚
1018 1524 1157 1590 pediti
1187 1525 1422 1589 equitique

131 1607 329 1656 hostium
348 1607 537 1654 liberum
562 1606 748 1669 spatium
771 1605 1002 1667 praeberet.
1033 1604 1101 1648 Eo
1124 1600 1263 1646 limite
1281 1600 1422 1645 Athe-

134 1680 307 1727 nienses
337 1697 439 1728 cum
458 1680 598 1726 Attali
633 1678 840 1742 praesidio
864 1678 914 1723 &
942 1676 1138 1723 cohorte
1167 1670 1423 1733 Dioxippi,

135 1754 233 1801 acie
257 1754 374 1800 intra
391 1766 568 1817 portam
587 1752 822 1809 insaucia,
844 1750 963 1814 figna
982 1748 1253 1796 extulerunt.
1279 1744 1426 1806 Quod

137 1826 220 1874 ubi
254 1827 485 1890 Philippus
512 1826 628 1874 vidit
648 1862 661 1884 ,
693 1825 856 1872 habere
890 1824 930 1870 se
964 1822 1111 1870 hostes
1130 1824 1175 1868 in
1206 1819 1426 1884 potestate

139 1912 289 1958 ratus,
324 1901 372 1947 &
397 1899 474 1946 diu
502 1911 656 1962 optata
689 1898 809 1945 caede
835 1897 1012 1961 (neque
1041 1895 1161 1942 enim
1193 1892 1274 1939 ulli
1296 1895 1426 1939 Grae-

140 1991 295 2022 carum
327 1973 561 2021 civitatum
594 1972 799 2019 infestior
831 1970 954 2035 erat)
985 1970 1267 2032 expleturum
1289 2003 1301 2023 ‚
1341 1982 1427 2013 co-

141 2046 348 2093 hortatus
367 2045 554 2102 milites,
572 2061 639 2103 ut,
652 2046 702 2105 fi:
723 2047 926 2090 intuentes
943 2078 956 2101 ‚
973 2057 1236 2104 pugnarent,
1249 2040 1429 2100 scirent-

143 2140 217 2183 que
237 2119 433 2183 ibisz'gna
447 2156 460 2175 ‚
478 2122 536 2165 ibi
555 2123 681 2164 aciem
713 2116 782 2181 effe
804 2120 962 2175 debere,
983 2118 1054 2162 uhi
1083 2133 1156 2161 rex
1174 2113 1288 2177 effer,
1317 2127 1429 2157 con-

144 2192 256 2239 citat
282 2190 328 2236 in
350 2191 497 2237 hostes
523 2206 690 2252 equum
707 2223 719 2242 ,
744 2205 842 2236 non
872 2189 937 2235 ira
962 2199 1164 2243 tantum5
1192 2184 1266 2230 sed
1294 2183 1431 2228 etiam

146 2262 292 2327 gloria
316 2262 489 2318 elatus;
514 2261 669 2324 quod,
690 2259 861 2322 ingenti
882 2260 1013 2306 turba
1032 2255 1269 2319 completis
1295 2253 1430 2299 etiam

149 2337 205 2382 ad
226 2334 521 2397 speuaculum
541 2332 704 2390 muris,
728 2331 930 2394 conspici
945 2331 986 2378 se
1008 2341 1280 2393 pugnantem
1302 2340 1432 2387 egre-

151 2407 271 2470 gium
292 2407 490 2452 ducebat.
525 2405 817 2467 Aliquantum
837 2415 938 2450 ante
968 2404 1110 2450 aciem
1139 2415 1242 2445 cum
1264 2395 1432 2459 equiti-

151 2480 236 2526 bus
255 2478 407 2543 paucis
426 2479 608 2527 evessus
627 2477 674 2525 in
692 2475 868 2525 medios
889 2473 1062 2533 hostes,
1080 2472 1304 2536 ingentem
1326 2484 1432 2519 cum
