1592 2724
231 148 320 195 332
575 132 1133 183 T1T1L1V11

231 238 377 301 regius
409 239 563 299 venit,
598 241 742 304 specie
763 254 813 288 ut
830 242 1022 289 induciae
1053 243 1216 302 essent,
1249 242 1393 292 donec
1415 240 1507 290 tol-⁴

227 311 424 358 lerentur
452 313 506 359 ad
535 312 828 375 sepulturam,
862 315 937 379 qui
967 316 1011 361 in
1034 316 1128 362 acie
1150 315 1430 371 cecidiffent3
1457 331 1506 363 re

227 402 336 433 vera
354 387 407 433 ad
429 388 663 448 petendam
685 389 861 435 veniam
883 389 1033 452 legatis
1055 390 1294 436 mittendis,
1316 393 1504 437 Utrum-

226 476 314 522 que
335 461 387 507 ab
409 462 621 508 Romano
656 463 955 524 impetratum.
989 463 1169 524 Adjecta
1200 466 1248 511 &
1275 464 1347 510 illa
1377 479 1504 523 vox,

226 537 333 579 hono
356 538 499 580 animo
525 534 598 597 effe
619 554 743 596 regem
764 554 812 582 ut
825 537 1013 592 juberet:
1042 554 1142 598 quae
1164 537 1355 584 maxime
1370 536 1504 582 AEto-

226 604 296 650 los
320 605 540 657 offendit,
565 604 652 665 jam
673 616 894 653 tumentes
922 608 1267 668 querentesque,
1299 623 1502 653 mutatum

226 677 398 724 vicJoria
418 681 710 739 imperatorem.
744 682 858 724 Ante
868 698 1054 741 pugnam
1073 685 1213 727 omnia
1235 698 1387 742 magna
1401 699 1503 739 par-

225 770 353 811 vaque
379 754 675 796 communicare
696 769 784 796 cum
800 751 932 810 sociis
950 752 1154 812 solitum:
1178 771 1288 799 nunc
1315 754 1503 798 omnium

227 839 408 882 expertes
440 822 701 886 confiliorum
732 821 805 885 effe
819 841 835 869 .·
867 825 948 884 suo
987 825 1119 886 ipsttm
1157 828 1324 872 arbitrio
1363 826 1505 871 cunc‘t'a

226 915 340 956 agere
355 914 370 941 .·
405 915 494 942 cum
521 898 720 957 Philippo
729 897 823 953 jam
842 900 984 959 gratia
1001 900 1176 957 privatae
1204 905 1335 944 locum
1356 917 1505 960 quaere-

227 988 265 1015 re
278 988 296 1023 ;
323 986 369 1015 ut
393 972 497 1014 dura
517 985 639 1030 atque
658 969 801 1030 aspera
817 972 910 1016 belli
929 972 1069 1016 AEcoli
1086 973 1370 1033 exhauserim,
1383 973 1506 1031 pacis

224 1043 403 1101 gratiam
423 1040 465 1087 δ’
476 1041 658 1099 fruflum
678 1044 896 1087 Romanus
914 1042 1016 1103 inse
1041 1059 1180 1088 vertat.
1210 1045 1266 1088 Et
1285 1042 1401 1088 haud
1422 1042 1507 1088 du-

228 1113 301 1159 bie
325 1112 560 1160 decesserat
588 1113 640 1159 iis
673 1113 943 1175 aliquantum
973 1113 1174 1161 honoris.
1205 1113 1299 1169 sed,
1324 1130 1403 1160 cur
1422 1129 1505 1159 ne-

227 1187 517 1250 gligerentur,
540 1186 814 1248 ignorabant.
843 1186 995 1232 Donis
1015 1187 1145 1250 regiis
1165 1186 1396 1232 imminere
1416 1201 1509 1232 cre-

229 1260 393 1305 debant
422 1258 580 1304 invicti
617 1259 668 1305 ab
698 1274 748 1304 ea
781 1258 1020 1320 cupiditate
1051 1259 1186 1305 animi
1215 1259 1363 1305 virum
1388 1277 1398 1305 ε
1431 1257 1506 1304 sed

229 1332 280 1378 &
306 1330 586 1378 succensebat
606 1346 697 1378 non
727 1330 951 1378 immerito
972 1332 1159 1388 AEtolis‚
1195 1332 1255 1378 ob
1281 1330 1505 1378 insatiabi-

225 1401 315 1448 lem
346 1402 600 1451 aviditatem
621 1402 781 1463 praedae
798 1438 812 1460 ‚
844 1404 892 1450 &
912 1404 1207 1467 arrogantiam
1230 1421 1384 1450 eorum
1400 1439 1412 1460 ‚
1435 1402 1507 1449 vi-

228 1475 381 1521 c‘toriae
402 1476 587 1538 gloriam
620 1474 666 1520 in
696 1474 738 1520 se
772 1475 1037 1538 rapientium
1054 1512 1067 1532 ‚
1089 1493 1189 1540 quae
1212 1477 1407 1523 vanitate
1433 1474 1508 1522 sua

230 1548 436 1594 omnium
480 1563 606 1592 aures
639 1546 894 1594 offendebat
913 1566 924 1594 :
965 1549 1013 1595 &
1049 1549 1262 1611 Philippo
1297 1548 1468 1594 sublato
1488 1581 1504 1607 ,

229 1622 375 1670 fractis
395 1620 558 1684 opibus
579 1620 866 1667 Macedonici
895 1620 1048 1684 regni,
1070 1622 1249 1668 AEtolos
1273 1620 1504 1667 habendos

229 1694 420 1741 Graeciae
443 1694 654 1741 dominos
682 1693 907 1740 cernebat.
930 1693 1005 1739 Ob
1028 1709 1097 1740 eas
1119 1693 1266 1740 causas
1282 1692 1421 1739 multa
1440 1691 1504 1738 se-

227 1767 339 1813 dulo
361 1803 375 1825 ,
402 1779 454 1813 ut
471 1767 658 1814 viliores
687 1765 972 1830 levioresque
990 1767 1109 1829 apud
1126 1783 1283 1814 omnes
1301 1766 1435 1814 essent
1452 1767 1504 1814 &

227 1841 519 1897 viderentur,
552 1840 752 1888 faciebat.

294 1913 602 1960 Xll.1nduciae
624 1912 883 1978 quindecim
904 1911 1074 1959 dierum
1093 1911 1204 1958 datae
1220 1911 1335 1960 hosti
1353 1921 1504 1971 erant,'

228 1989 279 2034 δε
313 2004 414 2033 cum
453 1987 550 2049 ipso
584 2004 687 2051 rege
719 1988 1007 2035 constitutum
1034 1986 1340 2051 colloquium:
1377 1987 1504 2050 cujus

227 2060 484 2124 priusquam
516 2074 689 2124 ternpus
723 2061 923 2117 veniret,
966 2061 1010 2106 in
1042 2061 1275 2108 confilium
1305 2061 1504 2108 advoca·-

228 2133 298 2181 vit
325 2132 485 2180 socios.
518 2134 717 2190 Retulit,
755 2149 863 2196 quas
885 2133 1000 2197 leges
1035 2133 1154 2196 pacis
1178 2134 1371 2196 placeret
1400 2132 1506 2180 dici.

229 2206 524 2270 Amynander
542 2207 838 2253 Athamanum
864 2224 943 2253 rex
965 2208 1115 2269 paucis
1143 2206 1400 2253 sententiam
1420 2205 1503 2251 ab-

230 2280 396 2327 solvit:
420 2285 481 2327 ita
499 2285 819 2343 componendam
830 2301 975 2343 pacem
988 2279 1087 2345 effe,
1107 2297 1154 2327 ut
1170 2282 1329 2326 Graecia
1340 2315 1357 2336 ,
1377 2282 1510 2325 etiam-

230 2355 463 2415 absentibus
490 2356 726 2411 Romanis,
744 2356 857 2415 stitis
881 2371 1028 2415 potens
1055 2357 1211 2399 tuendae
1229 2353 1365 2416 stmul
1377 2354 1502 2411 pacis

229 2430 498 2490 libertatg‘sque
518 2425 620 2494 effit.
636 2428 897 2476 AEtolorum
915 2424 1111 2492 asperior
1129 2426 1277 2475 oratio
1296 2423 1382 2472 fuit
1389 2458 1404 2482 2
1422 2423 1502 2488 qui
