1592 2724
192 134 283 195 305
549 131 1115 178 Τιτιιινιι

191 240 438 288 'frusinone
460 239 578 287 &nter
608 240 787 287 noflem
810 239 888 285 lux
921 252 1021 286 orta
1044 258 1052 285 :
1079 241 1127 288 8:
1150 239 1318 287 Asculo
1346 257 1486 305 agnus

190 315 346 378 biceps
369 331 471 360 cuni
496 313 696 376 quinque
717 313 905 376 pedibus
936 326 1066 359 natus
1084 329 1093 356 :
1112 314 1162 360 &
1182 312 1370 359 Formiis
1393 315 1486 361 duo

189 387 309 449 lupi,
332 386 550 449 oppidum
574 386 775 450 ingressi,
796 386 965 432 obvi-ss
984 385 1157 448 aliquot
1176 384 1457 432 laniaverant
1472 407 1487 437 ς

190 461 354 508 Romae
374 478 469 508 non
491 460 538 507 in
563 461 721 507 urbem
749 460 917 516 solum,
935 459 1008 506 secl
1034 460 1080 505 in
1104 458 1384 522 Capitolium
1404 477 1487 522 pe-

190 544 447 581 netraverat
477 531 626 594 lupus.
661 533 717 578 C.
745 532 920 578 Acilius
952 532 1165 578 tribunus
1187 531 1329 593 plebis
1353 532 1456 579 tulit
1473 569 1490 592 ‚

188 618 238 653 ut
255 605 459 669 quinque
480 604 678 652 coloniae
703 605 750 651 in
771 621 898 652 oram
918 606 1187 652 maritimam
1211 606 1489 652 deduceren-

190 690 295 725 tur:
328 677 426 723 duae
456 677 511 723 ad
541 675 651 722 ostia
685 675 926 724 fluminum
948 677 1164 724 Vulturni
1190 677 1486 741 Liternique:

184 767 281 799 una
300 749 516 796 Puteolos
539 767 550 795 :
575 766 666 796 una
691 749 745 795 ad
770 749 957 796 castrum
978 751 1161 797 Salerni.
1193 751 1275 798 His
1304 753 1487 798 Buxen-

188 834 286 869 tum
321 821 556 882 adjefuim.
605 834 801 868 trecenae
835 822 1017 869 familiae
1053 822 1100 869 in
1134 823 1322 887 singulas
1353 824 1489 871 colo-

188 894 286 940 nias
306 892 577 954 jubebantur
595 895 728 942 mitti.
757 895 985 942 triumviri
1012 895 1285 943 deducendis
1304 897 1355 944 iis
1370 934 1385 956 ‚
1404 899 1485 962 qui

189 985 271 1031 per
305 968 551 1015 triennium
589 968 891 1032 magistratum
936 969 1182 1028 haberent,
1219 971 1385 1028 creati,
1422 974 1491 1021 M.

188 1040 410 1087 Servilius
428 1039 651 1087 Geminus
663 1078 676 1099 ‚
690 1043 752 1101 Q.
768 1041 998 1087 Minucius
1013 1041 1237 1090 Thermus
1250 1079 1264 1101 ,
1277 1043 1351 1090 Ti.
1366 1046 1489 1092 Sem-

186 1112 380 1175 pronius
405 1116 602 1176 Longus.
630 1114 824 1161 Deleuu
851 1113 1069 1167 rebusque
1091 1103 1189 1150 8555
1210 1103 1378 1151 divinis
1401 1105 1490 1151 hu·

189 1178 444 1240 manilque,
472 1195 572 1240 quae
603 1195 684 1240 per
719 1178 840 1241 ipsos
870 1179 1040 1242 agenda
1072 1192 1225 1235 erant,
1253 1179 1489 1242 perfeffiS,

187 1250 396 1298 consules
417 1252 551 1297 ambo
580 1250 626 1296 in
647 1252 844 1299 Galliam
870 1251 1073 1314 profeffi.
1100 1252 1344 1300 Cornelius
1369 1255 1488 1300 reila

190 1323 246 1369 ad
269 1322 468 1368 Insubres
495 1323 586 1373 via,
605 1323 682 1385 qui
704 1337 798 1370 tum
818 1324 865 1370 in
887 1325 1020 1372 armis
1040 1336 1187 1382 erant,
1209 1325 1490 1372 Cenomanis

190 1393 416 1451 affumtis,
463 1396 524 1453 Q.
558 1395 785 1443 Minucius
818 1397 865 1442 in
896 1398 1010 1443 laeva
1043 1398 1179 1443 Italiae
1208 1398 1263 1444 ad
1294 1398 1488 1445 inferum

189 1482 313 1513 mare
340 1465 468 1511 flexit
491 1468 602 1522 iter,
629 1469 929 1533 Genuamque
955 1470 1156 1517 exercitu
1186 1471 1404 1529 abduilQ
1431 1471 1490 1518 ab

190 1537 431 1601 Liguribus
461 1538 585 1585 orsus
617 1539 678 1585 est
711 1540 894 1587 bellum.
927 1542 1110 1603 Oppida
1139 1543 1402 1591 Clastidium
1437 1547 1488 1590 δε

190 1611 451 1669 Litubium,
481 1625 672 1675 utraque
703 1614 945 1677 Ligurum,
975 1618 1025 1662 &
1060 1616 1162 1661 duae
1197 1617 1339 1680 gentis
1371 1616 1487 1677 ejus-

189 1686 292 1733 dem
315 1685 522 1732 civitates
539 1721 553 1743 ‚
580 1685 801 1734 Ce'lelates
829 1687 1217 1751 Cerdiciatesque‚
1243 1689 1328 1735 sele
1359 1690 1486 1736 dedi·-

188 1757 368 1804 derunt.
395 1759 451 1803 Et
473 1757 560 1818 jam
582 1758 736 1804 omnia
758 1759 821 1805 cis
844 1760 1034 1816 Padum,
1058 1774 1225 1823 praeter
1240 1763 1484 1810 Gallorum

190 1830 358 1893 Bojos,
387 1831 550 1879 Ilvates
582 1832 824 1895 Ligurum,
858 1832 937 1879 sub
968 1834 1141 1881 ditione
1172 1847 1313 1881 erant.
1347 1836 1486 1898 quin-

190 1902 336 1949 decim
355 1902 549 1965 oppida‚
570 1903 806 1949 hominum
829 1904 990 1968 viginti
1011 1905 1150 1950 millia
1171 1905 1256 1951 effe
1276 1905 1490 1953 diceban-

189 1988 292 2032 tur,
321 1991 421 2038 quae
460 1975 504 2022 se
540 1977 815 2026 dediderant.
852 1978 959 2025 Inde
982 1976 1042 2024 “in
1077 1994 1234 2042 agrum
1267 1978 1485 2042 Bojorum

188 2048 393 2113 legiones
433 2048 576 2096 duxit.

256 2120 410 2167 XXX.
442 2119 663 2180 Boiorum
698 2122 924 2169 exercitus
952 2123 1071 2170 haud
1101 2124 1162 2170 ita
1196 2124 1345 2171 multo
1382 2138 1485 2171 ante

192 2191 427 2253 trajecerat
445 2193 608 2239 Padum
625 2229 640 2251 ,
657 2191 961 2259 junxeratque
980 2195 1023 2242 se
1049 2196 1304 2243 Insubribus
1327 2198 1377 2244 δε
1397 2197 1485 2242 Ce-

190 2264 401 2312 nomanis
422 2283 433 2310 :
455 2266 580 2328 quod
611 2266 672 2312 ita
691 2282 958 2331 acceperant
972 2305 986 2328 ‚
1007 2269 1264 2331 conjunffis
1287 2269 1486 2333 legioni-

190 2336 273 2384 bus
310 2336 520 2400 consules
555 2355 648 2386 rem
683 2341 916 2404 gesturos,
946 2355 996 2389 ut
1026 2343 1077 2391 δέ
1107 2343 1189 2406 ipsi
1223 2343 1408 2391 collatas
1436 2343 1484 2389 in

185 2415 335 2462 tinum
358 2409 479 2459 vires
499 2410 739 2460 firmarent.
761 2413 1002 2478 Postquam
1028 2414 1145 2464 fama
1163 2415 1349 2477 accidit,
1377 2415 1485 2465 alte·
