1592 2724
217 203 765 250 HISTORIARUM
806 205 932 250 LIB.
970 205 1193 252 XXXIV.
1262 221 1350 266 431

139 311 340 358 XLVIII.
376 309 551 357 Consul
570 309 840 356 Placentiam
868 309 1067 372 legiones
1089 309 1229 356 duxit.
1261 310 1359 356 Sci-

78 383 260 445 pionem
291 383 392 439 alii,
414 380 662 442 conjun&o
694 382 897 427 exercitu
925 399 1026 427 cum
1057 382 1256 445 collega,
1279 400 1359 445 per

77 455 293 516 Bojorum
309 457 612 520 Ligurumque
626 472 755 518 agros
775 455 1067 517 populantem
1087 456 1186 511 isse,
1207 456 1359 518 quoad

79 528 290 590 progredi
314 528 436 575 filvae
455 527 723 590 paludesque
745 527 871 589 pass'ae
891 527 995 584 fint,
1015 526 1237 573 scribunt.-
1257 527 1360 585 alii,

79 602 202 647 nulla
228 601 511 648 memorabili
542 618 589 646 re
617 599 731 663 gesta
747 637 759 658 ,
787 600 1080 646 comitiorum
1105 600 1231 647 causa
1256 602 1360 646 red-

79 673 170 720 iiffe
205 676 416 721 Romam.
453 675 624 720 Eodem
651 674 740 720 hoc
763 690 882 719 anno
904 675 960 720 T.
987 673 1229 733 Quinc‘fius
1262 674 1362 720 Ela-

81 748 153 792 tiae
173 782 187 805 ,
216 764 311 810 quo
337 747 383 792 in
411 747 598 792 hiberna
622 746 858 792 reduxerat
888 745 1069 808 copias,
1096 758 1243 791 totum
1266 745 1365 792 hie-

81 822 164 869 mis
185 833 362 883 tempus
392 819 488 881 jure
522 819 721 865 dicundo
757 818 1028 877 consumfit,
1052 819 1364 881 mutandisque

81 894 135 941 iis
153 927 166 949 ,
193 911 292 957 quae
324 905 400 939 aut
426 890 560 953 ipsius
581 891 806 953 Philippi,
826 904 902 937 aut
929 890 1243 954 praefeelorum
1272 890 1367 951 ejus

81 966 262 1013 licentia
285 964 331 1009 in
351 962 609 1010 civitatibus
632 961 743 1009 fasta
767 974 917 1020 erant,
947 979 1048 1009 cum
1063 999 1078 1018 ‚
1102 962 1187 1009 suae
1207 962 1367 1010 fafflo-

84 1041 152 1087 nis
171 1039 409 1085 hominum
428 1037 551 1085 vires
570 1037 801 1099 augendo,
819 1035 887 1096 jus
913 1054 964 1083 ac
986 1036 1234 1083 libertatem
1252 1037 1368 1083 alio-

86 1130 185 1159 rum
215 1111 498 1174 deprimeret.
527 1110 658 1156 Veris
688 1108 822 1154 initio
843 1108 1143 1168 Corinthum,
1163 1126 1369 1158 conven—

86 1199 137 1234 tu
178 1186 354 1243 edioo,
389 1183 529 1233 venit.
566 1183 628 1230 ibi
667 1182 874 1229 omnium
907 1181 1143 1229 civitatum
1179 1183 1367 1246 legatio-

88 1277 166 1306 nes
187 1259 233 1305 in
256 1258 495 1306 concionis
516 1257 702 1304 modum
723 1254 1009 1303 circumfusas
1036 1255 1098 1302 est
1119 1256 1368 1313 allocutus;

88 1331 214 1378 orsus
233 1332 286 1377 ab
306 1331 416 1377 inita
437 1330 631 1392 primum
655 1328 875 1375 Romanis
897 1328 1093 1375 amicitia
1112 1346 1215 1376 cum
1241 1331 1371 1376 Grae-

89 1416 410 1468 corumsgente
425 1440 438 1461 ,
464 1405 513 1451 &
544 1403 862 1465 imperatorum
877 1437 890 1460 ‚
913 1401 990 1465 qui
1010 1413 1111 1448 ante
1135 1401 1177 1448 se
1198 1403 1245 1448 in
1272 1405 1372 1449 Ma-

92 1477 284 1525 cedonia
316 1477 493 1523 fuiffent
510 1512 523 1533 ,
553 1475 723 1538 suisque
745 1475 876 1521 rebus
903 1474 1044 1538 gestis.
1071 1474 1239 1520 Omnia
1264 1492 1371 1522 cum

92 1549 421 1612 approbatione
440 1548 612 1611 ingenti
631 1547 729 1594 sunt
749 1547 896 1594 audita
913 1565 926 1603 3
952 1560 1248 1610 praeterquam
1267 1565 1371 1595 cum

92 1623 147 1668 ad
181 1622 459 1668 mentionem
494 1620 680 1667 Nabidis
713 1633 900 1666 ventum
935 1620 1039 1666 effer
1060 1656 1074 1677 ‚
1112 1620 1157 1665 id
1187 1620 1372 1667 minime

95 1695 378 1742 conveniens
416 1693 623 1740 liberanti
660 1694 883 1740 Graeciam
915 1693 1149 1740 videbatur
1168 1728 1182 1750 ‚
1212 1705 1373 1756 tyran—

97 1786 206 1815 num
228 1767 449 1831 reliquiffe
464 1803 476 1824 ‚
495 1783 589 1813 non
613 1766 702 1812 suae
725 1765 865 1812 solum
896 1765 1051 1828 patriae
1070 1781 1252 1829 gravem
1268 1800 1281 1823 ,
1303 1764 1376 1811 sed

96 1842 309 1888 omnibus
343 1842 460 1889 circa
493 1841 750 1887 civitatibus
783 1839 1103 1900 metuendum,
1132 1839 1374 1885 haerentem

95 1912 341 1960 visceribus
368 1911 648 1958 nobiliffimae
675 1909 888 1959 civitatis.

176 1987 340 2032 XLIX.
385 1987 484 2032 Nec
522 1987 701 2048 ignarus
743 1983 871 2045 hujus
909 1982 1085 2030 habitus
1123 1983 1377 2030 animorum

100 2057 373 2117 Quindffius,
402 2062 435 2102 S
439 2061 454 2102 i
466 2057 561 2121 stne
586 2059 748 2103 excidio
776 2059 1081 2102 Lacedaemonis
1098 2057 1195 2115 fieri
1215 2056 1379 2117 potuzss·

92 2133 183 2191 fit,
205 2130 450 2187 fatebatur,
469 2133 590 2191 pacis
615 2150 703 2176 cum
735 2147 916 2191 tyranno
947 2133 1188 2176 mentionem
1222 2131 1379 2175 admit-

100 2208 265 2250 tendam
302 2207 471 2250 auribus
501 2223 587 2249 non
608 2203 749 2266 fuiffe.
788 2223 921 2260 nunc,
953 2223 1041 2249 cum
1070 2207 1217 2259 aliter,
1257 2221 1379 2263 quam

102 2282 224 2323 ruina
250 2279 485 2341 graviffima
516 2281 698 2323 civitatis
715 2314 727 2334 ,
756 2282 935 2338 opprimi
959 2297 1043 2322 non
1062 2274 1217 2337 poffet,
1235 2277 1381 2336 satius

100 2351 235 2409 visum
266 2348 363 2410 effe,
396 2365 623 2409 tyrannum
649 2351 905 2394 debilitatum
921 2385 936 2405 ,
962 2368 1011 2394 ac
1043 2352 1139 2394 totis
1161 2367 1290 2409 prope
1316 2351 1383 2394 νὶ-

102 2425 216 2467 ribus
241 2425 300 2466 ad
324 2425 553 2466 nocendum
580 2425 768 2482 cuiquam
799 2426 974 2468 ademtis
989 2457 1001 2477 ‚
1028 2425 1201 2483 relinqui
1214 2442 1234 2477 ,·
1259 2441 1381 2483 quam

107 2496 316 2541 i-:rermori
345 2496 705 2541 vehementioribus
722 2529 736 2552 ‚
764 2513 887 2554 quam
913 2513 996 2555 quae
1013 2498 1110 2554 pati
1133 2493 1294 2558 poffit,
1325 2513 1388 2541 re-
