1592 2724
304 183 846 235 HISTORIARUM
881 183 1242 230 LIB.XXX11.
1326 181 1417 243 283

137 294 213 341 set.
234 293 476 341 inclinavit
494 291 731 349 sententia,
752 289 878 336 suum
902 289 948 335 in
972 287 1239 336 Thessaliam
1261 305 1421 353 agmen

138 369 404 426 demittere,
436 367 731 428 Triccamque
766 361 990 426 proximis
1027 362 1243 409 limitibus
1275 363 1420 426 petit:

135 441 240 488 inde
263 441 426 488 obvias
443 441 574 487 urbes
595 437 756 500 raptim
777 435 1043 500 peragravit.
1075 435 1320 492 Homines,
1345 434 1423 498 qui

136 514 260 579 sequi
286 517 461 579 possent
477 550 491 572 ‚
516 513 687 560 sedibus
705 510 906 559 excibat:
938 510 1107 573 oppida
1132 509 1423 556 incendebat:

137 606 291 637 rerum
325 588 533 644 suarum,
568 602 678 649 quas
711 585 916 648 possent,
951 583 1238 630 ferendarum
1272 579 1426 627 secum

139 660 338 707 dominis
370 660 438 722 jus
463 659 618 706 fiebat:
644 670 784 705 cetera
821 656 977 704 militis
998 655 1149 720 praeda
1178 665 1284 702 erat.
1317 669 1427 711 nec,

140 735 268 796 quod
296 734 350 779 ab
374 733 497 780 hoste
528 730 749 779 crudelius
775 730 866 793 pati
893 730 1091 791 possent,
1113 726 1275 790 reliqui
1294 725 1429 789 quid-

138 822 272 868 quam
305 805 419 864 fuit,
455 821 589 869 quam
615 820 712 866 quae
731 803 786 849 ab
815 802 947 849 sociis
979 800 1277 864 patiebantur.
1314 799 1428 844 Haec

140 878 270 924 etiam
303 878 486 926 facienti
516 876 724 940 Philippo
753 875 910 924 acerba
937 885 1063 921 erant
1082 909 1095 931 ‚
1121 871 1194 919 sed
1222 888 1246 918 e
1279 882 1391 917 terra
1414 905 1428 927 ,

140 968 253 998 mox
284 951 434 999 futura
469 951 696 1007 hostium,
728 967 925 1012 corpora
959 947 1113 994 saltem
1144 945 1317 1008 eripere
1354 942 1430 990 so-

141 1025 323 1071 ciorum
341 1026 544 1073 volebat.
576 1024 637 1070 ita
656 1022 843 1070 evastata
864 1021 963 1068 sunt
981 1018 1401 1083 oppida,Phacit1m
1414 1053 1429 1075 ‚

140 1098 308 1156 lrefiae,
345 1098 666 1162 Euhydrium,
698 1095 895 1153 Eretria,
932 1092 1228 1154 Palaepharus.
1266 1089 1430 1137 Pheras

143 1185 245 1216 cum
277 1182 478 1232 peteret,
511 1168 745 1225 exclusus,
778 1166 884 1230 quia
916 1182 983 1213 res
1019 1164 1175 1228 egebat
1204 1180 1365 1220 mora,
1399 1162 1432 1209 fi

141 1257 396 1305 expugnare
423 1242 582 1299 vellet,
603 1258 686 1288 nec
708 1255 880 1302 tempus
900 1251 1018 1293 erat,
1038 1235 1201 1284 omisso
1219 1236 1432 1298 inceptO,

143 1312 189 1359 in
215 1315 532 1361 Macedoniam
554 1312 833 1361 transcendit.
864 1311 982 1357 Nam
1001 1310 1134 1357 etiam
1157 1308 1335 1355 AEtolos
1353 1325 1391 1369 a}
1410 1335 1433 1343 -

144 1387 451 1450 propinquare
481 1387 597 1434 fama
626 1401 730 1434 erat.
765 1385 871 1449 qui,
900 1383 1055 1431 audito
1076 1381 1245 1445 proelio
1263 1417 1278 1439 ,
1306 1380 1435 1444 quod

146 1461 265 1511 circa
297 1477 474 1506 amnem
508 1463 661 1506 Aoum
697 1458 856 1505 safium
891 1468 1012 1513 erat,
1050 1452 1271 1517 proximis
1311 1452 1436 1514 prius

146 1533 354 1580 evastatis
372 1535 491 1582 circa
513 1534 744 1597 Sperchias
767 1536 814 1581 δέ
832 1535 1021 1579 Macran
1048 1528 1211 1593 (quam
1230 1524 1435 1589 vocant)

147 1606 354 1664 Comen,
382 1606 629 1670 transgressi
667 1606 769 1652 inde
805 1605 851 1650 in
881 1601 1179 1658 Theffaliarn,
1214 1599 1438 1662 Cymines

149 1682 199 1726 ὃ(
219 1682 392 1743 Angeas
420 1680 569 1742 primo
597 1679 768 1742 impetu
798 1675 933 1741 potiti
966 1674 1081 1721 sunt.
1116 1690 1140 1719 a
1161 1670 1438 1733 Metropoli,

150 1755 255 1799 dum
278 1753 450 1800 vastant
467 1769 623 1816 agr05‚
641 1750 863 1800 concursu
883 1747 1217 1812 oppidanorum
1236 1744 1292 1790 ad
1309 1757 1439 1790 tuen-

149 1828 203 1874 da
236 1827 406 1872 moenia
438 1826 584 1882 fatto,
613 1822 774 1886 repulsi
803 1820 916 1868 sunt.
953 1819 1199 1867 Callithera
1225 1817 1329 1863 inde
1361 1833 1439 1880 ag-

150 1900 276 1963 greffi
294 1935 308 1955 ,
343 1899 526 1946 similem
554 1899 769 1961 impetum
796 1896 1136 1959 oppidanorum
1166 1890 1439 1955 pertinacius

151 1973 455 2020 sustinuerunt
476 1992 487 2020 ε
520 1969 848 2034 compulsisque
871 1970 987 2016 intra
1006 1967 1176 2014 moenia
1191 2002 1205 2024 ,
1234 1964 1312 2029 qui
1334 1981 1440 2011 eru-

152 2063 342 2111 perant,
377 2047 582 2093 contenti
615 2063 665 2093 ea
695 2043 912 2101 viiioria,
947 2042 1054 2107 quia
1084 2040 1179 2104 spes
1209 2038 1333 2086 nulla
1360 2038 1441 2085 ad-

152 2120 344 2166 modum
382 2118 673 2181 expugnandi
706 2129 830 2172 erat,
866 2115 1181 2162 abscesserunt,
1234 2111 1442 2160 Theuma

153 2192 258 2239 inde
294 2195 344 2240 δέ
377 2191 623 2239 Calathana
655 2190 788 2237 vicos
825 2200 1084 2254 expugnant
1116 2184 1443 2248 diripiuntque.

153 2265 378 2311 Acharras
398 2281 476 2325 per
497 2263 772 2309 deditionem
801 2271 1083 2323 receperunt.
1119 2257 1291 2321 Xyniae
1313 2253 1442 2300 simili

154 2351 279 2384 metu
309 2355 332 2383 a
364 2336 611 2384 cultoribus
647 2335 825 2382 desertae
860 2335 975 2381 sunt.
1014 2335 1118 2378 Hoc
1150 2330 1323 2377 sedibus
1354 2327 1442 2376 suis

155 2422 337 2457 extorre
370 2425 527 2473 agmen
568 2409 613 2454 in
646 2409 897 2473 praesidium
927 2406 1116 2463 incidit,
1151 2404 1276 2468 quod
1303 2403 1444 2449 Atha-

158 2499 339 2529 manum
355 2518 369 2540 ,
404 2498 497 2546 quo
525 2482 667 2529 tutior
697 2480 990 2530 frumentatio
1012 2479 1115 2525 esset
1135 2513 1149 2535 ‚
1174 2476 1444 2523 ducebatur:
