1592 2724
155 159 243 224 195
500 157 1070 205 T1T1L1v11

152 266 308 313 stribae
332 263 618 328 viatoresque
642 264 811 311 aedilitii
843 264 957 312 clam
993 262 1185 327 egeffiffe
1211 279 1289 326 per
1316 259 1436 310 indi—

154 355 250 385 cem
279 337 524 399 comperti,
545 336 738 384 damnati
762 335 885 393 sunt,
907 352 1002 382 non
1032 336 1123 381 sme
1144 333 1322 381 infamia
1344 337 1438 380 Lu-

149 410 261 458 culli
290 409 443 457 aedilis.
466 409 512 455 P.
533 409 672 456 AElius
689 409 876 456 Tubero
906 410 956 456 &
974 410 1024 455 L.
1046 406 1267 454 Laetorius
1289 408 1440 454 aediles

154 486 298 549 plebis
329 484 448 532 vitio
479 484 641 542 creati,
667 483 921 547 magistratu
950 483 992 530 se
1015 482 1306 541 abdicarunt,
1337 500 1441 530 cum

150 549 287 605 'ludos
317 557 620 618 ludorumque
646 555 776 602 causa
807 556 989 619 epulum
1016 554 1120 602 Jovi
1144 554 1370 612 fecissent,
1393 555 1443 601 ἃ

155 630 278 694 ligna
308 628 392 674 tria
420 644 475 674 ex
497 627 771 674 muleiaticio
798 638 985 691 argento
1008 626 1119 673 fa&a
1139 626 1184 672 in
1206 626 1443 689 Capitolio

156 702 414 769 posuissent.
437 701 636 748 Cerealia
658 701 790 749 ludos
811 701 1001 748 dieiator
1023 702 1073 749 &
1090 700 1293 764 magister
1312 699 1444 764 equi-f

157 791 255 825 tum
273 791 328 821 ex
347 772 726 821 senatusconsulto
748 772 963 821 fecerunt.

225 849 325 895 XL.
365 846 516 911 Legati
552 863 609 893 ex
641 845 793 893 Africa
825 846 1021 893 Romani
1048 845 1177 893 fimul
1208 843 1449 909 Carthagi-

160 918 421 983 niensesque
443 936 546 965 cum
567 917 788 965 venissent
803 919 1023 976 Romam,
1044 917 1216 965 senatus
1235 918 1289 964 ad
1308 918 1448 964 aedem

161 994 362 1042 Bellonae
394 992 569 1039 habitus
599 991 674 1040 est.
711 992 791 1039 ubi
830 1010 934 1040 cum
965 995 1015 1040 L.
1049 991 1261 1039 Veturius
1292 991 1450 1049 Philo,

161 1078 407 1131 pugnatum
441 1082 544 1112 cum
579 1065 827 1111 Hannibale
858 1065 942 1112 effe
979 1063 1180 1128 suprema
1209 1064 1452 1126 Carthagi·-

162 1139 390 1187 nienfibus
428 1156 599 1203 pugna,
633 1137 858 1202 finemque
892 1139 1073 1186 tandem
1109 1137 1290 1201 lugubri
1328 1137 1453 1184 bello

164 1213 427 1276 impositum
453 1211 624 1276 ingenti
654 1212 807 1258 laetitia
838 1213 1019 1258 Parrum
1048 1209 1346 1273 exposuiffet3
1376 1209 1454 1256 ad·-

163 1286 297 1351 jecit‚
317 1284 576 1332 Verminam
596 1285 752 1345 etiam,
770 1286 989 1350 Syphacis
1011 1284 1179 1344 filium,
1194 1302 1294 1349 quae
1310 1301 1454 1348 parva

166 1361 282 1407 bene
310 1358 439 1422 gestae
466 1358 529 1404 rei
560 1359 749 1406 acceffio
770 1371 891 1417 erat,
911 1357 1154 1423 fleviehlm.
1188 1358 1235 1404 in
1265 1357 1453 1405 concio·

166 1449 270 1480 nem
292 1431 395 1478 inde
417 1430 597 1494 prodire
617 1430 775 1492 jussus,
798 1431 1097 1496 gaudiumque
1114 1431 1159 1477 id
1177 1430 1352 1494 populo
1371 1430 1454 1476 im·

166 1507 347 1572 partire.
373 1508 491 1553 Tum
512 1518 695 1569 patuere
710 1542 723 1565 ‚
748 1505 860 1553 fa'c'ia
881 1505 1204 1569 gratulatione,
1227 1503 1382 1550 omnia
1407 1503 1454 1550 in

166 1583 279 1629 urbe
298 1581 488 1643 templa,
511 1579 946 1644 supplicationesque
967 1581 1013 1626 in
1034 1580 1230 1627 triduum
1250 1579 1455 1626 decretae.

167 1653 344 1717 Legatis
373 1653 808 1716 Carthaginiensium
839 1655 887 1701 &
915 1652 1110 1715 Philippi
1131 1652 1244 1715 regis
1267 1651 1401 1715 (nam
1422 1650 1462 1697 iiv

169 1742 355 1792 quoque
377 1726 623 1790 venerant)
652 1728 929 1789 petentibus,
946 1740 997 1773 ut
1023 1727 1198 1774 senatus
1225 1725 1305 1772 fibi
1327 1726 1459 1772 daren-

169 1813 265 1858 tur,
291 1799 550 1862 responsum
573 1800 683 1862 {uss'u
703 1803 882 1849 patrum
909 1802 965 1848 ab
993 1802 1209 1848 distatore
1229 1798 1314 1857 est,
1338 1815 1458 1846 con-

171 1874 284 1921 sules
314 1889 468 1919 novos
495 1873 557 1920 eis
581 1873 779 1921 senatum
808 1875 991 1922 daturos
1011 1874 1110 1920 effe.
1131 1872 1332 1920 Comitia
1352 1871 1459 1919 inde

169 1945 333 1992 habita.
363 1946 497 1992 creati
522 1946 727 1994 consules
757 1948 841 1993 Cn.
868 1945 1110 1994 Cornelius
1141 1944 1381 2003 Lentulus,
1408 1945 1457 1993 P.

171 2017 313 2067 AElius
330 2018 473 2063 Paetus
495 2035 506 2062 ε
527 2031 770 2080 praetores,
785 2021 848 2065 M.
868 2018 1018 2065 Iunius
1040 2019 1218 2064 Pennus
1233 2053 1247 2076 5
1269 2017 1341 2065 cui
1362 2016 1458 2064 sors

172 2089 345 2138 urbana
372 2090 547 2146 evenit3
580 2094 642 2138 M.
663 2091 867 2138 Valerius
888 2092 1014 2139 Falto
1036 2092 1262 2148 Bruttios,
1291 2093 1356 2138 M.
1376 2093 1459 2137 Fa-

168 2162 270 2210 bius
288 2165 431 2209 Buteo
453 2163 696 2209 Sardiniam
712 2200 726 2222 ‚
745 2166 792 2211 P.
810 2164 951 2211 AElius
974 2164 1162 2211 Tubero
1180 2164 1377 2210 Siciliam
1395 2162 1458 2208 est

173 2236 370 2283 sortitus.
387 2237 459 2282 De
479 2237 732 2299 provinciis
753 2238 987 2285 consulum
1007 2238 1117 2284 nihil
1135 2249 1238 2283 ante
1258 2236 1459 2299 placebat

171 2309 270 2373 agi,
290 2327 421 2372 quam
443 2309 571 2372 legati
594 2310 787 2372 Philippi
815 2312 931 2374 regis
953 2313 1002 2358 ὅ(
1026 2309 1457 2374 Carthaginiensium

173 2383 313 2428 auditi
343 2382 492 2430 effent.
520 2382 626 2428 belli
654 2381 788 2429 finem
815 2384 1023 2441 alterius,
1052 2382 1320 2446 principium
1352 2383 1460 2430 alte-

175 2456 268 2502 rius
285 2455 621 2520 prospiciebant
648 2457 821 2505 animis.
852 2458 938 2507 Cn.
957 2459 1172 2505 Lentulus
1201 2456 1357 2504 consul
1380 2474 1455 2509 cu?
