1592 2724
226 211 764 262 HISTORIARUM
799 209 922 257 LIB.
957 208 1180 257 XXXIV.
1259 200 1346 272 385

71 342 127 371 ex
154 339 245 369 utro
275 325 441 368 tandem
459 338 595 382 genere
616 336 664 364 ea
690 321 759 363 lex
777 314 852 379 effe
877 318 1065 373 videtur,
1091 333 1213 376 quam
1233 318 1355 361 abro-

72 398 260 460 gamus?
291 399 369 441 An
395 410 509 440 vetus
536 394 645 453 regia
676 394 773 445 lex,
788 389 926 452 simul
940 406 1029 432 cum
1054 388 1145 448 ipsa
1163 388 1255 432 urbe
1279 404 1359 432 na-

75 472 155 514 ta?
181 474 255 514 An
282 469 424 529 (quod
439 468 669 528 secundum
701 460 785 530 est)
818 463 869 506 ab
908 463 1141 506 decemviris
1168 464 1228 505 ad
1254 479 1360 506 con·-

74 544 217 587 denda
237 542 341 598 jura
369 542 512 586 creatis
543 541 588 582 in
621 537 832 582 duodecim
862 534 1014 578 tabulis
1033 533 1232 593 scripta?
1258 535 1361 578 Sine

78 634 163 676 qua
194 633 283 660 cum
315 613 491 668 majores
515 611 638 675 ncstri
660 626 745 653 non
766 606 1040 672 existimarint
1065 608 1184 650 decus
1203 621 1364 649 matro-

83 693 177 733 nale
189 688 352 748 servari
363 682 501 747 poffi,
537 685 657 728 nobis
688 699 840 741 quoque
862 683 1077 724 verendum
1089 677 1177 740 sit,
1204 697 1254 722 ne
1272 697 1362 723 cum

80 781 128 807 ea
140 765 334 823 pudorem
341 759 680 819 fiznchtatemque
682 755 941 814 feminarum
957 757 1196 813 abrogemus
1209 753 1234 796 :²
1253 754 1365 813 Quis

82 836 210 895 igitur
238 833 367 893 nescit
381 867 394 887 ‚
413 849 566 876 novam
586 831 701 897 istam
722 832 843 889 legem
861 824 936 889 effi
950 861 963 884 5
988 826 1044 885 Q.
1064 827 1195 870 Fabio
1229 823 1271 871 6⁴
1300 827 1366 873 Ti.

83 909 326 968 Sempronio
354 905 591 966 consulibus
624 905 778 965 viginti
806 903 931 946 annis
961 918 1054 945 ante
1086 901 1251 945 latam?
1275 899 1368 963 sine

83 1000 166 1043 qna
186 998 275 1026 cum
295 997 372 1039 per
392 994 452 1023 tot
468 995 605 1022 annos
632 992 829 1021 matronae
857 976 1024 1034 optimis
1046 975 1226 1018 moribus
1246 975 1371 1018 vixe-

87 1059 173 1103 rint
187 1090 199 1112 ,
217 1056 329 1114 quod
344 1055 509 1098 tandem
526 1087 539 1110 ‚
570 1071 620 1097 ne
637 1054 835 1111 abrogata
857 1068 902 1094 ea
923 1067 940 1093 e
975 1050 1191 1094 urzdantur
1216 1051 1277 1092 ad
1299 1052 1371 1092 lu-

87 1130 259 1174 xuriam
276 1161 289 1184 ,
304 1128 530 1186 periculum
557 1126 642 1191 est?
662 1126 776 1168 Nam
790 1123 840 1187 st
854 1123 928 1188 ista
948 1126 1017 1166 lex
1037 1123 1128 1166 idco
1148 1125 1237 1166 lata
1259 1119 1380 1183 effit,

89 1217 137 1248 ut
145 1203 289 1261 finiret
306 1199 521 1244 libidinem
536 1199 790 1251 muliebrem,
806 1197 1019 1240 verendam
1028 1192 1143 1251 foret
1157 1228 1169 1249 ,
1185 1213 1235 1238 ne
1251 1197 1377 1239 abro-

89 1291 190 1334 gata
225 1273 415 1318 incitaret
440 1287 457 1316 .·
491 1288 562 1315 cur
588 1268 650 1332 sit
677 1284 811 1313 autem
847 1272 967 1323 lata,
999 1268 1134 1327 ipsum
1169 1268 1379 1311 indicavit

90 1360 264 1404 tempus.
282 1343 510 1386 Hannibal
524 1344 569 1384 in
588 1342 720 1386 Italia
738 1356 823 1385 erat
841 1339 971 1384 νίἱῖον
985 1341 1045 1380 ad
1061 1341 1231 1384 Cannas
1251 1358 1265 1384 :
1279 1339 1379 1393 jam

93 1420 321 1463 Tarentum
337 1449 350 1472 ,
360 1414 459 1471 jam
479 1417 621 1472 Arpos
634 1447 645 1469 ,
667 1411 765 1469 jam
788 1414 974 1470 Capuam
998 1410 1169 1453 lzabebat
1186 1428 1201 1454 .·
1222 1414 1283 1454 ad
1306 1428 1380 1455 ur·-

91 1494 182 1536 bem
217 1492 395 1535 Romam
433 1490 674 1532 admoturus
700 1487 917 1531 exercitum
952 1484 1200 1529 videbatur:
1227 1483 1382 1541 defice-

96 1576 193 1608 rant
209 1563 352 1620 sbcii:
381 1579 467 1605 non
489 1562 641 1604 milites
670 1561 713 1602 in
732 1558 1065 1616 fipplemerztum
1085 1590 1099 1609 ‚
1132 1573 1216 1599 non
1243 1555 1384 1612 socios

97 1638 270 1681 navales
296 1635 356 1678 ad
379 1629 536 1694 claffim
566 1634 783 1685 tuendam,
808 1647 895 1673 non
918 1630 1139 1688 pecuniam
1165 1630 1210 1671 in
1241 1631 1385 1672 cerario

100 1708 347 1751 habebamus
365 1722 381 1749 .·
392 1704 532 1764 servi,
563 1705 707 1763 quibus
737 1719 854 1746 arma
886 1703 1106 1755 darentur,
1130 1702 1191 1744 ita
1217 1715 1262 1744 ut
1288 1719 1387 1759 pre-

100 1783 205 1826 tium
219 1795 296 1837 pro
328 1777 383 1821 iis
409 1779 510 1821 bello
521 1775 696 1836 perfec‘lo
717 1774 902 1819 dominis
921 1773 1179 1832 solveretur,
1199 1775 1390 1818 emeban-

102 1869 171 1897 tur
184 1868 201 1894 .·
219 1852 264 1895 in
283 1850 450 1893 eandem
468 1851 573 1893 diem
583 1849 791 1908 pecuniae,
801 1845 1059 1904 frumentum
1076 1842 1118 1890 C}
1134 1861 1258 1890 cetera
1270 1881 1284 1903 ‚
1304 1863 1391 1906 quae

103 1926 198 1969 belli
217 1922 313 1982 usus
325 1921 613 1987 postulabant,
628 1922 847 1980 pra’benda
864 1921 1083 1978 publicani
1094 1919 1145 1978 se
1171 1919 1392 1964 conduflu-

107 2015 173 2044 ros
187 1995 354 2057 profeffi
369 2010 484 2040 erant
499 2010 515 2037 .·
532 1993 675 2052 servos
698 1996 758 2037 ad
785 2010 936 2037 remum
951 2026 965 2045 ‚
993 2009 1159 2036 numero
1190 2011 1242 2037 ex
1274 1992 1393 2052 censu

107 2072 351 2137 constituto,
382 2086 473 2114 cum
492 2068 700 2132 stipendio
731 2067 863 2132 nostro
902 2068 1106 2111 dabamus
1126 2084 1140 2110 .·
1172 2084 1318 2110 aurum
1352 2063 1393 2110 ὃ·

109 2158 321 2205 argentum
344 2161 486 2196 omne,
506 2143 557 2184 ab
574 2142 839 2201 senatoribus
865 2139 952 2194 ejus
979 2142 1034 2184 rei
1064 2142 1186 2185 initio
1217 2155 1327 2193 orto,
1349 2140 1395 2181 in

104 2219 318 2280 publicum
337 2214 640 2274 conferebamus
658 2230 674 2257 .·
694 2216 825 2258 viduae
847 2211 889 2259 δ’
898 2215 1057 2273 pupilli
1079 2213 1278 2272 pecunias
1284 2210 1394 2268 filas

113 2295 160 2338 in
187 2291 374 2335 cerarium
403 2287 633 2346 deferebant
649 2303 664 2332 .·
695 2304 861 2333 cautum
892 2303 999 2343 erat,
1029 2304 1107 2346 quo
1124 2304 1172 2330 ne
1184 2288 1284 2344 plus
1305 2285 1397 2328 auri

115 2362 160 2410 δ’
176 2364 334 2424 argenti
341 2360 451 2419 facti
463 2395 477 2417 ‚
496 2378 573 2421 quo
587 2379 636 2405 ne
646 2364 747 2420 plus
753 2360 919 2424 signati
936 2362 1096 2420 argenti
1117 2355 1158 2403 G*
1175 2360 1263 2402 aeris
1283 2359 1399 2401 domi

117 2437 365 2480 haberemus,
393 2435 490 2478 Tali
518 2448 691 2492 tempore
711 2434 755 2477 in
775 2434 949 2477 luxuria
972 2430 1014 2477 &a
1034 2447 1184 2476 ornatu
1204 2444 1402 2475 matronae

118 2524 322 2567 occupata:
342 2521 481 2561 erant,
503 2522 548 2550 ut
576 2509 635 2551 ad
651 2524 738 2552 eam
767 2506 1023 2551 coercendam
1044 2508 1114 2548 lex
1137 2503 1280 2562 Oppia
1301 2499 1405 2566 dest-2

186 2582 238 2628 T.
265 2579 356 2627 Liv.
390 2582 488 2627 Vol.
521 2581 580 2630 V.
1066 2574 1150 2631 Bb
