1592 2724
186 135 278 184 286
547 131 1105 181 TITILIVII

180 237 309 287 Nihil
349 235 633 301 trepidavere
669 237 865 286 Theffali
899 237 954 284 ad
986 238 1184 300 primum
1224 239 1468 289 adventum

183 317 516 362 Romanorum.
548 315 603 358 Et
624 311 880 374 Philippus,
899 311 1008 357 ficut
1025 310 1071 356 in
1093 312 1352 361 Thessaliam
1376 315 1468 376 ipse

184 388 398 454 progredi
429 404 526 434 non
561 386 783 442 audebat,
820 387 909 444 ita,
951 385 1065 431 intra
1096 385 1269 448 Tempe
1298 386 1470 433 stativis

184 461 341 526 pofitis
360 496 374 519 ,
399 472 449 506 ut
476 459 662 522 quisque
686 459 817 506 locus
839 459 894 505 ab
915 458 1037 505 hoste
1056 458 1332 519 tentabatur,
1351 477 1472 523 prae-

183 535 291 583 fidia
314 551 393 597 per
413 531 675 579 occasiones
704 530 1000 579 submittebat.

252 609 342 653 XV
350 609 378 652 L
407 606 498 651 Sub
531 603 649 650 idem
678 603 771 650 fere
791 616 992 666 tempus,
1014 621 1110 668 quo
1133 604 1291 652 consul
1316 605 1474 652 adver·

183 681 254 729 sus
287 678 544 740 Philippum
576 677 770 739 primum
793 677 837 722 in
860 678 977 739 EpTri
1004 677 1209 725 faucibus
1234 678 1371 726 castra
1392 696 1475 742 po·

185 753 299 810 suit,
333 754 382 799 &
412 753 460 797 L.
495 749 770 811 Qtlinffius,
803 749 938 797 frater
967 752 1189 810 consi-1213,
1225 754 1298 800 cui
1334 753 1475 800 claffis

185 844 292 874 cura
321 824 650 887 maritimaeque
671 840 766 870 orae
788 823 1020 887 imperium
1049 828 1305 872 mandatum
1334 827 1389 872 ab
1411 827 1475 872 se·

183 915 292 950 natu
323 913 445 957 erat,
472 917 573 948 cum
597 899 768 946 duabus
789 897 1186 963 quinqueremibus
1212 903 1474 966 Corcyram

185 972 488 1029 transvectus,
520 970 759 1034 postquam
789 970 1034 1033 profeEtam
1062 970 1165 1017 inde
1192 972 1364 1019 claffem
1394 990 1475 1019 au-

166 1044 333 1099 ·divit,
357 1042 468 1089 nihil
495 1043 763 1089 morandum
783 1056 930 1099 ratus,
951 1046 1052 1089 cum
1077 1044 1130 1090 ad
1143 1044 1323 1090 Zamam
1352 1043 1475 1090 insu-

184 1116 272 1165 lam
287 1116 500 1163 assecutus
519 1114 623 1161 effet
638 1151 650 1173 ,
670 1115 847 1162 dimisso
864 1117 910 1162 L.
925 1116 1112 1178 Apustio
1129 1152 1143 1176 ‚
1167 1119 1242 1164 cui
1264 1117 1474 1165 succeffe-

185 1204 278 1248 rat,
295 1189 418 1236 tarde
437 1188 540 1234 inde
560 1188 615 1234 ad
635 1188 826 1235 Maleam
842 1224 856 1247 ,
870 1187 1098 1235 trahendis
1120 1190 1382 1253 plerumque
1407 1206 1478 1237 re-

185 1264 341 1312 mulco
371 1262 593 1320 navibus,
622 1279 725 1326 quae
745 1279 846 1310 cum
871 1276 1127 1310 commeatu
1156 1263 1476 1327 sequebantur,

185 1336 411 1401 pervenit.
445 1337 484 1381 A
506 1335 678 1391 Malea,
714 1334 834 1396 juflis
864 1336 1048 1393 ceteris,
1086 1350 1302 1400 quantum
1333 1337 1478 1384 maxi-

186 1429 259 1459 me
286 1410 464 1473 poss'ent
498 1419 717 1455 maturate
735 1445 749 1466 ,
780 1409 928 1472 sequi,
956 1409 1046 1472 ipse
1075 1410 1219 1457 tribus
1249 1411 1476 1474 quinque-

185 1484 382 1532 remibus
414 1481 635 1544 expeditis
670 1482 887 1528 Piraeeum
925 1482 1173 1545 praecepit,
1214 1483 1477 1545 accepitque

186 1575 328 1605 naves
348 1556 410 1603 ibi
431 1556 601 1602 relictas
621 1555 676 1600 ab
701 1558 748 1601 L.
767 1555 955 1616 Apustio
978 1556 1125 1619 legato
1149 1557 1204 1602 ad
1223 1557 1475 1619 praefidium

189 1631 484 1678 Athenarum.
522 1628 695 1673 Eodem
727 1639 933 1689 tempore
971 1630 1069 1675 duae
1104 1646 1161 1674 ex
1191 1630 1289 1676 Afia
1325 1630 1477 1676 claffes

187 1703 402 1769 profeuae
417 1739 430 1760 ‚
451 1719 539 1749 una
560 1718 660 1748 cum
683 1701 837 1747 Attalo
861 1718 985 1765 rege;
1009 1701 1103 1765 (eae
1120 1716 1318 1764 quatuor
1336 1705 1386 1751 ὅ(
1406 1703 1477 1749 vi-

190 1780 306 1845 ginti
336 1780 679 1844 quinqueremes
707 1776 865 1840 erant)
901 1777 1083 1824 Rhodia
1113 1777 1281 1837 altera,
1313 1777 1477 1842 viginti

188 1854 376 1902 navium
398 1853 641 1900 tectarum:
671 1851 1009 1916 Agefimbrotus
1043 1863 1242 1913 praeerat.
1278 1852 1360 1897 Hae
1387 1850 1476 1896 cir-

189 1945 243 1975 ca
263 1926 468 1972 Andrum
486 1924 672 1971 insulam
699 1924 849 1970 class'es
867 1923 1121 1984 conjunftae
1139 1923 1385 1979 Euboeam,
1405 1922 1477 1967 in-

190 2001 246 2046 de
276 1998 446 2061 exiguo
474 1997 706 2044 distantem
741 1996 883 2055 freto,
916 1994 1202 2056 trajecerunt.
1236 1995 1477 2060 Carystio-

190 2089 291 2118 rum
313 2071 507 2133 primum
528 2085 657 2132 agros
673 2068 921 2115 vastarunt:
941 2068 1102 2130 deinde
1114 2104 1126 2124 ‚
1142 2068 1219 2114 ubi
1233 2067 1477 2132 Carystus,

193 2141 402 2206 praefidio
434 2159 460 2188 a
490 2141 704 2188 Chalcide
730 2141 887 2203 raptim
919 2140 1077 2196 misso,
1109 2139 1236 2186 firma
1266 2139 1358 2187 visa
1387 2139 1477 2195 est,

191 2217 248 2264 ad
283 2216 500 2264 Eretriam
541 2215 823 2262 accefferunt.
865 2215 1036 2261 Eodem
1073 2216 1122 2260 &
1159 2216 1208 2260 L.
1240 2211 1478 2273 Quinfflus

193 2307 298 2338 cum
326 2290 379 2336 iis
407 2288 623 2345 navibus,
653 2306 754 2352 quae
785 2289 935 2335 Piraeei
965 2288 1172 2346 fuerant,
1193 2286 1330 2332 Attali
1359 2283 1477 2347 regis

194 2363 393 2410 adventu
424 2362 581 2410 audito
599 2398 612 2419 ‚
641 2362 794 2420 venit,
817 2361 1023 2425 juffitque
1041 2397 1053 2417 ,
1081 2374 1157 2416 ut,
1189 2376 1289 2422 quae
1315 2373 1369 2403 ex
1402 2356 1478 2404 sua

194 2436 322 2485 claffe
354 2436 578 2487 veniss'ent
608 2453 745 2484 naves
765 2471 777 2494 ‚
806 2435 1021 2482 Euboeam
1054 2443 1269 2495 peterent.
1306 2430 1478 2478 Eretria
