1592 2724
326 190 885 242 HISTORIARUM
928 188 1053 235 LIB.
1094 186 1251 233 XXX.
1341 184 1428 247 189

144 315 202 346 ne
230 300 420 363 pavidos
439 299 542 363 fuga
562 295 910 359 vulneribusque
937 294 1100 341 milites
1118 293 1162 340 in
1190 306 1354 340 certam
1375 295 1426 340 &

145 371 361 436 integram
391 374 530 420 aciem
569 370 816 418 miscerent.
863 370 1075 415 Ceterum
1110 379 1232 413 tanta
1267 366 1430 430 strages

146 443 383 491 hominum
422 458 740 505 armorumque
783 441 970 496 locum,
1007 439 1053 485 in
1091 454 1183 501 quo
1220 435 1431 484 steterant

145 517 286 580 paulo
337 529 438 564 ante
486 516 751 575 auxiliares,
795 512 1136 576 compleverat,
1186 522 1237 557 ut
1288 527 1433 573 prope

147 590 379 637 difficilior
410 589 613 636 transitus
646 588 777 646 esset,
805 602 940 650 quam
974 600 1054 647 per
1082 580 1315 630 confertos
1346 580 1433 626 ho-

147 662 230 709 stes
263 663 421 709 fuerat.
458 665 639 725 Itaque,
675 661 751 724 qui
785 657 918 722 primi
951 666 1105 714 erant,
1138 652 1322 710 hastati,
1355 668 1435 714 per

151 736 359 782 cumulos
394 751 639 797 corporum
670 746 990 793 armorumque
1021 730 1071 775 &
1098 727 1245 774 tabem
1263 724 1438 789 sangui-

151 807 247 864 nis,
287 824 376 870 qua
413 806 600 870 quisque
637 815 848 869 poterat,
884 801 1112 863 sequentes
1149 795 1355 854 hostem,
1387 798 1438 843 ὃς

150 879 271 942 iigna
302 882 350 927 Sc
384 879 566 926 ordines
602 876 923 925 confuderunt.
958 871 1214 935 principum
1252 884 1439 931 quoque

150 953 269 1016 figna
299 953 500 1000 fluctuari
533 962 791 1015 coeperant,
819 965 981 1011 vagam
1012 958 1114 993 ante
1144 943 1186 990 se
1206 942 1437 990 cernendo

150 1026 307 1072 aciem.
346 1025 490 1085 Quod
516 1024 671 1086 Scipio
711 1021 790 1068 ubi
817 1020 964 1076 vidit,
998 1015 1198 1078 receptui
1243 1030 1438 1077 propere

152 1113 313 1143 canere
361 1096 538 1143 hastatis
576 1095 726 1158 juffit:
761 1095 840 1149 &,
881 1090 1039 1138 sauciis
1072 1089 1119 1134 in
1167 1085 1437 1149 postremam

152 1171 295 1216 aciem
338 1169 586 1227 subduffis,
620 1167 843 1231 principes
882 1160 1148 1224 triariosque
1185 1159 1232 1204 in
1265 1173 1440 1204 cornua

155 1243 352 1299 inducit3
389 1259 481 1307 quo
515 1243 658 1288 tutior
694 1240 958 1301 firmiorque
990 1234 1133 1282 media
1165 1231 1440 1279 hastatorum

155 1316 273 1363 acies
306 1317 424 1363 effet.
458 1319 521 1362 Ita
549 1332 724 1361 novum
756 1314 808 1359 de
838 1312 1015 1374 integro
1050 1306 1262 1370 proelium
1289 1317 1440 1350 ortum

155 1389 243 1437 est:
279 1390 447 1452 quippe
482 1389 537 1435 ad
573 1405 710 1434 veros
745 1385 892 1432 hostes
932 1393 1199 1446 perventum
1233 1392 1362 1433 erat,
1393 1381 1443 1426 <Sc

157 1480 386 1508 armorum
419 1479 604 1526 genere,
637 1462 687 1507 ὅ(
720 1459 797 1505 usu
827 1457 999 1504 militiae
1020 1492 1033 1513 ,
1068 1456 1118 1501 ὃ(
1150 1452 1265 1498 fama
1294 1468 1444 1497 rerum

157 1534 402 1598 gestarum,
421 1536 471 1581 ὃ(
497 1533 803 1597 magnitudine
836 1530 910 1577 vel
938 1529 1029 1591 spei
1049 1527 1124 1573 vel
1151 1524 1339 1589 periculi
1364 1541 1443 1586 pa-

158 1624 241 1654 res·
262 1607 347 1653 Sed
372 1609 419 1654 ὃ(
447 1623 639 1652 numero
656 1606 891 1651 Romam.s
916 1601 1117 1663 superior
1136 1611 1252 1655 erat,
1271 1598 1320 1644 &
1346 1596 1445 1642 ani-

155 1696 267 1726 mo:
310 1681 436 1742 quod
466 1678 552 1740 jam
591 1678 795 1742 equiteS‚
830 1676 917 1737 jam
947 1672 1209 1735 elephantos
1241 1668 1446 1714 fuderat:

159 1750 247 1814 jam
266 1788 279 1808 .,
309 1752 451 1814 prima
483 1751 576 1799 acie
595 1750 741 1814 pulsa,
768 1750 812 1795 in
845 1747 1080 1795 secundam
1114 1742 1349 1805 pugnabat.

228 1826 429 1871 XXXV.
460 1827 509 1870 In
534 1835 739 1885 tempore
765 1820 926 1867 Laelius
949 1836 1000 1865 ac
1022 1813 1265 1870 Masffiiffa,
1296 1809 1448 1873 puisos

160 1914 242 1962 per
269 1897 548 1960 aliquantum
588 1895 713 1959 spatii
751 1893 890 1940 secuti
927 1889 1131 1953 equites,
1170 1894 1448 1931 revertentes

163 1971 210 2017 in
226 1969 420 2017 aversam
436 1969 630 2016 hostium
651 1967 790 2014 aciem
808 1966 1051 2011 incurrere.
1073 1964 1110 2007 Is
1127 1960 1305 2005 demum
1323 1954 1449 2019 equi—

164 2058 259 2092 tum
297 2045 488 2107 impetus
520 2043 635 2089 fudit
668 2041 860 2088 hostem.
896 2037 1025 2084 muiti
1063 2030 1366 2081 circumventi
1403 2028 1450 2074 in

165 2117 261 2163 acie
292 2117 414 2163 caefi:
448 2116 578 2162 multi
604 2132 683 2178 per
713 2125 937 2176 patentem
973 2111 1092 2157 circa
1120 2123 1327 2169 campum
1350 2103 1450 2167 fuga

166 2189 324 2251 sparsi,
354 2201 534 2234 tenente
561 2186 715 2233 omnia
737 2186 965 2249 equitatu,
994 2181 1149 2245 paffim
1170 2178 1454 2226 interierunt.

166 2261 601 2324 Carthaginienssum
635 2260 954 2321 sociorumque
992 2255 1100 2303 caesa
1131 2270 1188 2300 eo
1222 2253 1291 2298 die
1326 2249 1456 2312 supra

162 2335 306 2380 millia
333 2332 522 2395 viginti:
554 2350 634 2395 par
655 2332 794 2378 ferme
822 2345 1033 2376 numerus
1056 2339 1209 2389 captus
1242 2322 1303 2369 est
1319 2358 1334 2378 ,
1352 2338 1455 2368 cum

167 2406 300 2468 signis
328 2405 594 2452 militaribus
625 2416 806 2452 centum
835 2402 1016 2465 triginta
1039 2400 1210 2451 tribus,
1244 2393 1458 2456 elephan-

164 2477 221 2525 tis
251 2478 478 2526 undecim.
512 2477 719 2525 Victores
743 2477 799 2524 ad
817 2475 911 2523 duo
936 2473 1080 2522 millia
1101 2468 1311 2519 cecidere.
1332 2467 1458 2514 Han-
