1592 2724
234 175 798 226 HISTORIARUM
834 174 964 220 LIB.
997 171 1218 219 XXXIV.
1287 184 1374 232 393

95 289 236 333 ciendi.
267 289 425 331 Adbuc
435 287 677 345 praedonum
696 283 853 342 magis,
873 298 995 340 quam
1016 280 1257 324 bellantium
1270 311 1283 333 ,
1302 278 1380 321 mi-

96 361 243 422 litastis
280 377 418 404 more:
453 375 562 402 nunc
589 355 700 421 justa
729 371 876 416 pugna
908 353 1035 415 lzostes
1071 370 1164 397 cum
1199 352 1381 416 hostibus

96 433 310 492 conferetis
342 449 525 476 martum.
561 445 646 472 nort
680 443 803 487 agros
837 427 932 470 inde
955 426 1182 484 populari,
1200 424 1284 483 fid
1313 441 1384 468 ur-

97 507 210 551 bium
243 523 335 565 opes
364 505 577 550 exhaurire
593 501 742 546 licebit.
774 502 920 544 Patres
938 499 1090 564 nostri,
1110 515 1200 541 cum
1221 497 1385 556 Hiſjoa-

96 580 173 622 nia
207 577 499 638 Carthaginien
516 592 631 626 ium,
669 569 710 617 δ’
744 573 1003 631 imperatores
1031 571 1091 614 ibi
1125 567 1384 614 &exercitus

99 647 217 712 efflat
237 685 251 706 ,
279 649 358 712 ipsi
383 651 544 693 nullum
580 647 889 705 imperatorem,
923 646 1062 688 nullos
1092 644 1138 687 irz
1158 661 1204 687 ea
1235 644 1385 686 milites

101 723 290 766 haberent
304 740 323 775 ,·
353 738 488 765 tamen
518 721 664 763 addere
692 719 765 761 lzoc
792 717 837 760 in
861 715 1017 775 foedere
1047 719 1263 761 voluerunt
1283 749 1297 770 ‚
1324 717 1390 759 Ut

101 796 263 854 imperii
283 793 358 853 fici
378 794 517 838 Iberus
535 793 704 855 fluvius
738 787 829 851 effit
845 791 969 848 finis.
1005 790 1160 844 Nunc,
1193 805 1283 832 cum
1303 790 1387 832 duo

97 883 318 929 praetores,
356 885 446 912 cum
496 865 642 925 consul
657 899 669 920 ,
704 882 792 909 cum
838 879 914 908 tres
959 864 1158 907 exercitus
1199 862 1388 905 Romani

99 939 365 998 Hispaniam
413 938 655 989 obtineant,
693 933 1094 995 Cartlzagirziertsium
1131 932 1228 988 jam
1260 949 1388 991 prope

102 1016 234 1058 decem
275 1015 402 1057 armis
444 1030 561 1056 nemo
606 1014 651 1056 in
689 1011 753 1054 lzis
785 1009 1016 1069 provinciis
1043 1008 1135 1072 sit,
1174 1009 1390 1066 imperium

102 1089 223 1132 nobis
254 1089 356 1132 citra
386 1088 542 1132 Iberum
571 1082 760 1147 amffcm
788 1085 851 1147 est.
889 1084 986 1128 Hoc
1018 1084 1145 1127 armis
1171 1079 1212 1127 6³
1242 1083 1389 1126 virtute

105 1163 336 1220 recuperetis
370 1176 524 1221 oportet
542 1176 559 1204 .·
597 1157 639 1204 δ’
676 1158 887 1204 nationem
907 1191 921 1211 ,
961 1159 1217 1201 rebellantem
1255 1157 1391 1216 magis

104 1248 243 1278 temere
264 1267 278 1289 ‚
320 1251 445 1293 quam
488 1232 714 1296 constanter
750 1233 965 1276 bellantem
986 1264 1000 1284 ,
1028 1229 1175 1288 jugum
1191 1261 1207 1283 ,
1242 1245 1322 1287 quo
1342 1226 1393 1286 se

106 1307 254 1360 exuit,
279 1308 453 1366 accipere
472 1305 609 1369 rursus
628 1306 801 1366 cogatis.
832 1304 880 1347 In
903 1301 1023 1346 hunc
1045 1300 1228 1345 modum
1249 1299 1392 1346 maxi-

106 1397 179 1427 me
213 1380 473 1427 adhortatus
501 1377 794 1443 pronuntiat,
822 1375 863 1423 se
899 1376 1031 1422 nocte
1063 1375 1116 1421 ad
1146 1373 1282 1421 castra
1304 1373 1393 1421 ho-

109 1452 241 1498 stium
275 1453 525 1500 ducturum.
562 1452 623 1498 ita
651 1451 706 1498 ad
733 1465 928 1512 corpora
961 1447 1155 1495 curanda
1185 1444 1361 1493 dimissi.

175 1526 301 1573 xlv.
332 1527 478 1572 Nocte
513 1524 686 1582 media,
721 1540 824 1571 cum
858 1520 1058 1583 auspicio
1095 1535 1280 1582 operam
1312 1519 1393 1565 de-

108 1597 265 1658 differ,
298 1598 557 1662 profectus,
592 1612 642 1645 ut
673 1598 857 1653 locum,
890 1611 1024 1659 quem
1055 1593 1218 1651 vellet,
1249 1593 1394 1656 prius-

111 1687 246 1732 quam
270 1671 417 1719 hostes
445 1671 683 1728 sentirent,
718 1679 929 1732 caperet,
957 1678 1117 1729 praeter
1146 1666 1282 1713 castra
1311 1666 1394 1711 ho-

110 1742 241 1789 stium
273 1743 598 1802 circumducit,
631 1745 683 1791 &
712 1742 857 1805 prima
883 1740 1012 1795 luce,
1034 1738 1127 1785 acie
1159 1738 1398 1795 instrueta,

112 1813 191 1862 sub
226 1815 369 1879 ipsum
408 1817 578 1866 vallum
613 1829 700 1863 tres
742 1816 955 1862 cohortes
990 1811 1140 1859 mittit.
1180 1812 1396 1859 Mirantes

84 1888 288 1936 ‘barbari
318 1891 371 1937 ab
403 1902 529 1954 tergo
561 1889 805 1953 apparuiffe
833 1890 1120 1944 Romanum,
1151 1885 1396 1933 discurrere

113 1961 194 2025 ipfi
224 1963 278 2011 ad
301 1982 436 2011 arma.
459 1965 641 2012 Interim
673 1962 830 2012 consul
851 1962 968 2025 apud
988 1961 1115 2019 suos,
1150 1962 1400 2022 Nusquam,

116 2039 162 2080 ni
179 2057 193 2081 ι
225 2040 272 2083 itt
299 2041 474 2093 virtute,
489 2039 589 2097 spes
617 2038 693 2102 est,
714 2039 892 2092 milites,
916 2033 1097 2096 inquit,
1127 2031 1169 2079 G
1185 2052 1255 2095 ego
1266 2034 1398 2093 sedu-

115 2111 158 2154 lo
174 2144 189 2164 ,
219 2129 269 2155 ne
286 2109 374 2175 effit
390 2145 402 2166 ,
417 2111 518 2169 feci.
558 2113 663 2156 inter
688 2111 815 2175 castra
844 2110 979 2176 nostra
1008 2105 1050 2152 ὃ*
1071 2125 1149 2153 nos
1174 2110 1300 2152 medii
1323 2110 1398 2152 lto-

105 2181 204 2242 stes.
240 2185 292 2227 ab
334 2199 442 2245 tergo
474 2184 648 2248 hostium
680 2202 777 2245 ager
811 2182 874 2248 est.
912 2183 1027 2241 quod
1047 2182 1397 2241 pulcherrimum,

117 2258 225 2300 idem
249 2255 485 2317 tutiffimum
522 2258 574 2320 est
592 2290 605 2313 ‚
631 2257 676 2301 in
703 2259 851 2302 virtute
882 2255 1002 2315 spem
1029 2253 1207 2316 positam
1241 2254 1400 2298 halvere.

114 2326 207 2372 Sub
236 2326 330 2373 haec
358 2327 573 2374 cohortes
601 2326 740 2388 recipi
764 2326 915 2388 jubet,
948 2336 998 2370 ut
1026 2323 1240 2369 barbaros
1265 2322 1398 2368 fimu-

115 2399 287 2446 latione
311 2399 426 2463 fugae
444 2401 640 2447 eliceret.
679 2399 725 2446 ld
743 2435 756 2457 ,
790 2398 915 2461 quod
936 2395 1208 2452 crediderat,
1232 2392 1399 2441 evenit·

114 2474 386 2537 pertimuisse
413 2476 462 2524 δε
494 2475 651 2525 cedere
684 2474 769 2523 rati
790 2475 1024 2521 Romanos
1042 2506 1059 2532 ,
1086 2480 1218 2534 porta
1245 2483 1397 2523 erum÷
