1592 2724
220 177 318 232 '400
572 165 1141 214 T1T1L1V11

222 279 365 326 ferme
407 274 550 339 passus
586 273 818 322 constituit
855 272 991 337 signa.
1026 272 1091 318 lbi
1122 271 1387 319 delectarum
1423 280 1508 318 co-i

223 353 425 401 hortium
459 349 694 396 stationem
724 348 1007 411 relinquens,
1036 345 1251 410 praecepit
1278 346 1370 405 eis,
1393 362 1448 391 ne
1466 345 1508 391 se

226 443 283 473 ex
319 441 375 472 eo
406 424 515 470 loco
549 433 650 469 ante
680 433 923 467 moverent
940 456 954 478 ,
976 437 1109 483 quam
1134 418 1224 482 ipse
1248 418 1303 465 ad
1331 434 1410 465 eos
1431 434 1511 463 veo

224 498 367 547 nisset.
407 508 575 543 ceteras
609 493 762 555 copias
796 494 850 540 ad
883 493 1146 539 ulteriorem
1183 503 1354 554 partem
1388 489 1511 536 urbis

224 567 538 619 circumducit.
562 565 812 611 Maximum
831 581 887 610 ex
907 564 1120 611 omnibus
1148 563 1328 610 auxiliis
1356 579 1513 607 nume-

226 659 326 689 rum
348 639 612 686 Suessetanae
641 636 893 698 juventutis
921 636 1124 684 habebat.
1159 653 1238 683 eos
1257 635 1310 682 ad
1334 650 1512 681 murum

226 712 585 778 oppugnandum
620 710 767 757 subire
799 709 935 771 jubet.
971 712 1184 770 Quorum
1210 709 1287 754 ubi
1312 725 1432 753 arma
1459 706 1513 751 {i-

225 803 404 852 gnaque
432 784 644 832 Lacetani
664 799 954 848 cognovere3
973 799 1195 829 memores
1210 819 1223 841 ,
1245 799 1378 846 quam
1401 780 1514 840 saepe

225 860 275 907 :in
304 875 416 922 agro
441 873 603 904 eorum
624 856 808 918 impune
835 853 1166 917 persultaffent‚
1186 854 1363 916 quoties
1395 852 1515 913 ipsos

225 931 363 997 fignis
385 930 562 978 collatis
593 928 803 975 fudiffent
835 927 1170 991 fugaffentque3
1199 925 1413 989 patefa&a
1443 941 1514 970 re—

224 1018 360 1069 pente
393 1015 524 1065 porta
540 1038 554 1061 ,
574 1001 771 1048 univerfi
791 1001 838 1046 in
861 1017 939 1048 eos
959 1012 1212 1062 erumpunt.
1230 999 1322 1045 Vix
1342 998 1516 1045 clamo-

226 1095 321 1124 rem
360 1092 546 1132 eorum,
581 1074 747 1121 nedum
782 1073 1032 1135 impetum,
1069 1071 1312 1118 Suessetani
1344 1071 1516 1116 tulere:

219 1149 353 1214 quod
390 1148 651 1212 postquam,
684 1147 797 1194 ficut
829 1145 1029 1192 futurum
1059 1157 1178 1192 ratus
1212 1155 1328 1201 erat,
1359 1143 1518 1191 consul

228 1222 328 1269 fieri
348 1221 480 1268 etiam
502 1220 642 1276 vidit,
664 1235 784 1283 equo
805 1218 942 1266 citato
963 1217 1109 1263 subter
1127 1233 1303 1262 murum
1322 1215 1519 1262 hostiurn

230 1297 288 1344 ad
314 1296 531 1343 cohortes
563 1293 826 1342 advehitur:
854 1304 987 1356 atque
1019 1307 1091 1337 eas
1121 1302 1316 1353 arreptas
1333 1325 1345 1345 ,
1372 1288 1518 1335 effusis

229 1364 446 1412 omnibus
468 1369 522 1409 ad
556 1366 807 1426 sequendos
841 1363 1146 1419 Suessetanos,
1174 1378 1262 1423 qua
1294 1358 1521 1406 silentium

229 1455 283 1486 ac
304 1436 504 1484 solitudo
526 1449 642 1493 erat,
661 1435 708 1481 in
729 1436 886 1481 urbem
914 1433 1086 1480 inducit
1105 1451 1115 1480 τ
1137 1433 1345 1496 priusque
1365 1432 1521 1479 omnia

233 1510 380 1573 cepit,
401 1526 535 1573 quam
558 1508 599 1554 se
627 1507 882 1570 reciperent
904 1506 1129 1554 Lacetani.
1154 1523 1263 1552 mox
1285 1506 1429 1568 ipsos,
1449 1505 1522 1550 ni-

230 1586 295 1632 hil
321 1597 482 1647 praeter
503 1600 625 1629 arma
643 1582 876 1640 habentes,
902 1581 948 1626 in
972 1581 1245 1627 deditionem
1266 1578 1452 1641 accepit.

297 1661 423 1707 XXI.
447 1656 699 1705 Confestim
722 1656 828 1701 inde
849 1655 998 1701 νὶὲὶοι·
1019 1655 1073 1701 ad
1093 1654 1312 1717 Vergium
1332 1652 1521 1699 castrum

230 1733 374 1781 ducit.
419 1729 754 1793 receptaculum
791 1727 836 1773 id
868 1726 1063 1774 maxime
1098 1726 1365 1790 praedonum
1401 1736 1519 1770 erat:

231 1809 282 1854 &
306 1805 409 1852 inde
428 1805 532 1851 ineu
542 1803 709 1849 rfiones
729 1801 775 1848 in
796 1817 928 1865 agros
951 1812 1130 1863 pacatos
1148 1797 1402 1862 provinciae
1423 1796 1520 1858 ejus

234 1879 414 1925 fiebant.
434 1874 697 1939 Transfugit
726 1874 830 1920 inde
849 1873 905 1920 ad
924 1871 1153 1920 consulem
1174 1870 1382 1933 princeps
1403 1872 1522 1915 Ver-

232 1952 437 2015 gestanus
451 1985 463 2006 ,
485 1950 534 1995 &
554 1964 743 2010 purgare
764 1946 806 1992 se
826 1963 877 1992 ac
897 1946 1136 2009 populares
1158 1943 1297 2006 coepit
1317 1962 1326 1990 :
1346 1963 1430 1989 non
1451 1940 1521 2006 effe}

236 2028 283 2070 in
311 2042 440 2069 manu
483 2021 579 2083 ipsis
609 2022 911 2081 rempublicam.
940 2020 1156 2079 praedorzes
1190 2033 1362 2078 receptos
1390 2033 1520 2062 totum

225 2100 317 2159 ¹fiac
335 2098 545 2163 potestatis
571 2097 618 2139 id
640 2096 811 2159 castrum
827 2090 980 2153 feciffe.
1013 2089 1184 2137 Consul
1212 2106 1315 2136 eum
1335 2089 1522 2135 domum

236 2170 407 2227 redire,
429 2166 622 2216 conffla
643 2166 791 2229 aliqua
807 2155 1057 2227 probabili,
1073 2181 1154 2210 cur
1172 2161 1396 2215 abfuisset,
1415 2179 1521 2208 cau·

235 2243 305 2300 sa,
340 2241 475 2304 juffit.
525 2244 626 2287 Cum
656 2241 705 2301 se
739 2257 877 2285 muros
899 2237 1053 2302 subzffe
1087 2253 1283 2291 cerneret,
1320 2235 1521 2295 intentos-

237 2337 311 2378 que
333 2320 546 2377 praedones
565 2317 625 2361 ad
641 2316 793 2359 tuenda
822 2315 975 2358 moetzia
1007 2308 1105 2375 effi5
1130 2327 1217 2356 tum
1238 2311 1300 2355 uti
1323 2327 1411 2354 curn
1430 2308 1523 2366 fitae

226 2392 437 2451 fizflionis
463 2392 700 2436 hominibus
722 2386 960 2451 meminfft
977 2406 1109 2433 arcem
1135 2403 1341 2445 occupare.
1364 2382 1409 2427 [d
1424 2418 1437 2440 ‚
1457 2380 1522 2426 uti

238 2474 545 2526 praeceperat,
578 2460 756 2509 saelum.
786 2462 989 2524 Repente
1021 2474 1184 2522 anceps
1216 2470 1385 2513 terror,
1418 2453 1523 2500 hinc
