<?xml version="1.0" encoding="UTF-8"?>
<!DOCTYPE html PUBLIC "-//W3C//DTD XHTML 1.0 Transitional//EN"
    "http://www.w3.org/TR/xhtml1/DTD/xhtml1-transitional.dtd">
<html xmlns="http://www.w3.org/1999/xhtml" xml:lang="en" lang="en">
 <head>
  <title>
</title>
<meta http-equiv="Content-Type" content="text/html;charset=utf-8" />
  <meta name='ocr-system' content='tesseract 3.04.00' />
  <meta name='ocr-capabilities' content='ocr_page ocr_carea ocr_par ocr_line ocrx_word'/>
</head>
<body>
  <div class='ocr_page' id='page_1' title='image "./historiarumlibri05livyuoft_0244.png"; bbox 0 0 1592 2724; ppageno 0'>
   <div class='ocr_carea' id='block_1_1' title="bbox 201 148 1128 203">
    <p class='ocr_par' dir='ltr' id='par_1_1' title="bbox 201 148 1128 203">
     <span class='ocr_line' id='line_1_1' title="bbox 201 148 1128 203; baseline -0.005 -1"><span class='ocrx_word' id='word_1_1' title='bbox 201 156 291 203; x_wconf 76' lang='lat'>228</span> <span class='ocrx_word' id='word_1_2' title='bbox 564 148 1128 198; x_wconf 83' lang='lat' dir='ltr'>T1T1L1V11</span> 
     </span>
    </p>
   </div>
   <div class='ocr_carea' id='block_1_2' title="bbox 134 249 1527 2521">
    <p class='ocr_par' dir='ltr' id='par_1_2' title="bbox 193 249 1527 765">
     <span class='ocr_line' id='line_1_2' title="bbox 193 249 1485 319; baseline -0.007 -11"><span class='ocrx_word' id='word_1_3' title='bbox 193 257 390 317; x_wconf 80' lang='lat' dir='ltr'><strong>hordei,</strong></span> <span class='ocrx_word' id='word_1_4' title='bbox 424 257 472 306; x_wconf 84' lang='lat' dir='ltr'>in</span> <span class='ocrx_word' id='word_1_5' title='bbox 509 257 826 305; x_wconf 87' lang='lat' dir='ltr'>Macedoniam</span> <span class='ocrx_word' id='word_1_6' title='bbox 861 256 993 303; x_wconf 85' lang='lat' dir='ltr'>misit.</span> <span class='ocrx_word' id='word_1_7' title='bbox 1029 255 1183 302; x_wconf 86' lang='lat' dir='ltr'>Tertia</span> <span class='ocrx_word' id='word_1_8' title='bbox 1215 253 1384 319; x_wconf 67' lang='lat' dir='ltr'>iegatio</span> <span class='ocrx_word' id='word_1_9' title='bbox 1428 249 1485 300; x_wconf 84' lang='lat' dir='ltr'>ad</span> 
     </span>
     <span class='ocr_line' id='line_1_3' title="bbox 196 327 1527 392; baseline -0.006 -12"><span class='ocrx_word' id='word_1_10' title='bbox 196 332 461 380; x_wconf 80' lang='lat' dir='ltr'>Verminam</span> <span class='ocrx_word' id='word_1_11' title='bbox 482 343 589 379; x_wconf 84' lang='lat' dir='ltr'>erat.</span> <span class='ocrx_word' id='word_1_12' title='bbox 610 330 741 388; x_wconf 81' lang='lat' dir='ltr'>ls‚ad</span> <span class='ocrx_word' id='word_1_13' title='bbox 763 329 933 392; x_wconf 85' lang='lat' dir='ltr'>primos</span> <span class='ocrx_word' id='word_1_14' title='bbox 951 327 1061 374; x_wconf 84' lang='lat' dir='ltr'>fines</span> <span class='ocrx_word' id='word_1_15' title='bbox 1083 327 1207 391; x_wconf 80' lang='lat' dir='ltr'>regni</span> <span class='ocrx_word' id='word_1_16' title='bbox 1228 327 1380 391; x_wconf 74' lang='lat' dir='ltr'>legatis</span> <span class='ocrx_word' id='word_1_17' title='bbox 1398 327 1486 372; x_wconf 72' lang='lat' dir='ltr'>ob·-</span> <span class='ocrx_word' id='word_1_18' title='bbox 1516 331 1527 338; x_wconf 86' lang='grc'><strong>”</strong></span> 
     </span>
     <span class='ocr_line' id='line_1_4' title="bbox 195 400 1486 468; baseline -0.009 -12"><span class='ocrx_word' id='word_1_19' title='bbox 195 409 321 457; x_wconf 67' lang='grc' dir='ltr'>νῖεῑιτι</span> <span class='ocrx_word' id='word_1_20' title='bbox 352 404 629 468; x_wconf 71' lang='lat' dir='ltr'>progreffus,</span> <span class='ocrx_word' id='word_1_21' title='bbox 655 416 705 450; x_wconf 90' lang='lat' dir='ltr'>ut</span> <span class='ocrx_word' id='word_1_22' title='bbox 739 403 982 450; x_wconf 84' lang='lat' dir='ltr'>scriberent</span> <span class='ocrx_word' id='word_1_23' title='bbox 1012 401 1090 462; x_wconf 83' lang='lat' dir='ltr'>ipsi</span> <span class='ocrx_word' id='word_1_24' title='bbox 1108 437 1119 456; x_wconf 93' lang='lat'>‚</span> <span class='ocrx_word' id='word_1_25' title='bbox 1146 417 1256 462; x_wconf 84' lang='lat' dir='ltr'>quas</span> <span class='ocrx_word' id='word_1_26' title='bbox 1281 400 1452 445; x_wconf 77' lang='lat' dir='ltr'>vellent</span> <span class='ocrx_word' id='word_1_27' title='bbox 1469 433 1486 455; x_wconf 94' lang='lat'>,</span> 
     </span>
     <span class='ocr_line' id='line_1_5' title="bbox 193 473 1488 548; baseline -0.01 -18"><span class='ocrx_word' id='word_1_28' title='bbox 193 483 318 548; x_wconf 81' lang='lat' dir='ltr'>pacis</span> <span class='ocrx_word' id='word_1_29' title='bbox 339 478 650 533; x_wconf 62' lang='lat' dir='ltr'>cond&#39;rtion‘s,</span> <span class='ocrx_word' id='word_1_30' title='bbox 677 475 886 539; x_wconf 78' lang='lat' dir='ltr'>permisit.</span> <span class='ocrx_word' id='word_1_31' title='bbox 909 476 1108 520; x_wconf 80' lang='lat' dir='ltr'>Omnem</span> <span class='ocrx_word' id='word_1_32' title='bbox 1135 490 1290 535; x_wconf 89' lang='lat' dir='ltr'>pacem</span> <span class='ocrx_word' id='word_1_33' title='bbox 1317 473 1488 518; x_wconf 88' lang='lat' dir='ltr'>bonam</span> 
     </span>
     <span class='ocr_line' id='line_1_6' title="bbox 193 542 1488 622; baseline -0.011 -18"><span class='ocrx_word' id='word_1_34' title='bbox 193 557 444 622; x_wconf 72' lang='lat' dir='ltr'>justamque</span> <span class='ocrx_word' id='word_1_35' title='bbox 464 551 560 597; x_wconf 80' lang='lat' dir='ltr'>fore</span> <span class='ocrx_word' id='word_1_36' title='bbox 582 550 662 597; x_wconf 82' lang='lat' dir='ltr'>fibi</span> <span class='ocrx_word' id='word_1_37' title='bbox 688 566 790 596; x_wconf 85' lang='lat' dir='ltr'>curn</span> <span class='ocrx_word' id='word_1_38' title='bbox 816 543 988 611; x_wconf 87' lang='lat' dir='ltr'>populo</span> <span class='ocrx_word' id='word_1_39' title='bbox 1014 549 1234 592; x_wconf 79' lang='lat' dir='ltr'>Romano.</span> <span class='ocrx_word' id='word_1_40' title='bbox 1270 542 1399 592; x_wconf 60' lang='lat' dir='ltr'>[jatae</span> <span class='ocrx_word' id='word_1_41' title='bbox 1419 544 1488 591; x_wconf 83' lang='lat' dir='ltr'>Ie-</span> 
     </span>
     <span class='ocr_line' id='line_1_7' title="bbox 195 618 1489 695; baseline -0.01 -20"><span class='ocrx_word' id='word_1_42' title='bbox 195 648 270 695; x_wconf 83' lang='lat' dir='ltr'>ges</span> <span class='ocrx_word' id='word_1_43' title='bbox 296 627 413 691; x_wconf 80' lang='lat' dir='ltr'>pacis</span> <span class='ocrx_word' id='word_1_44' title='bbox 431 661 445 683; x_wconf 89' lang='lat'>‚</span> <span class='ocrx_word' id='word_1_45' title='bbox 476 623 695 686; x_wconf 75' lang='lat' dir='ltr'>jussusque</span> <span class='ocrx_word' id='word_1_46' title='bbox 720 622 775 668; x_wconf 79' lang='lat' dir='ltr'>ad</span> <span class='ocrx_word' id='word_1_47' title='bbox 799 638 896 667; x_wconf 85' lang='lat' dir='ltr'>eam</span> <span class='ocrx_word' id='word_1_48' title='bbox 921 618 1277 667; x_wconf 74' lang='lat' dir='ltr'>confirmandam</span> <span class='ocrx_word' id='word_1_49' title='bbox 1309 618 1489 664; x_wconf 82' lang='lat' dir='ltr'>mittere</span> 
     </span>
     <span class='ocr_line' id='line_1_8' title="bbox 195 702 610 765; baseline -0.022 -15"><span class='ocrx_word' id='word_1_50' title='bbox 195 703 370 765; x_wconf 64' lang='lat' dir='ltr'>legatos</span> <span class='ocrx_word' id='word_1_51' title='bbox 405 702 610 743; x_wconf 77' lang='lat' dir='ltr'>Romam.</span> 
     </span>
    </p>

    <p class='ocr_par' dir='ltr' id='par_1_3' title="bbox 134 763 1497 2079">
     <span class='ocr_line' id='line_1_9' title="bbox 262 763 1491 829; baseline -0.008 -10"><span class='ocrx_word' id='word_1_52' title='bbox 262 774 371 820; x_wconf 77' lang='lat' dir='ltr'>XX.</span> <span class='ocrx_word' id='word_1_53' title='bbox 404 771 486 815; x_wconf 81' lang='lat' dir='ltr'>Per</span> <span class='ocrx_word' id='word_1_54' title='bbox 506 769 621 814; x_wconf 84' lang='lat' dir='ltr'>idem</span> <span class='ocrx_word' id='word_1_55' title='bbox 640 778 814 829; x_wconf 84' lang='lat' dir='ltr'>ternpus</span> <span class='ocrx_word' id='word_1_56' title='bbox 833 768 881 812; x_wconf 90' lang='lat' dir='ltr'>L.</span> <span class='ocrx_word' id='word_1_57' title='bbox 903 765 1144 813; x_wconf 77' lang='lat' dir='ltr'>Cornelius</span> <span class='ocrx_word' id='word_1_58' title='bbox 1164 763 1381 812; x_wconf 73' lang='lat' dir='ltr'>Lentulus</span> <span class='ocrx_word' id='word_1_59' title='bbox 1400 772 1491 826; x_wconf 86' lang='lat' dir='ltr'>pro&#39;</span> 
     </span>
     <span class='ocr_line' id='line_1_10' title="bbox 193 838 1490 902; baseline -0.008 -9"><span class='ocrx_word' id='word_1_60' title='bbox 193 844 383 896; x_wconf 70' lang='lat' dir='ltr'>consule</span> <span class='ocrx_word' id='word_1_61' title='bbox 411 860 464 888; x_wconf 84' lang='lat' dir='ltr'>ex</span> <span class='ocrx_word' id='word_1_62' title='bbox 493 840 706 902; x_wconf 79' lang='lat' dir='ltr'>Hispania</span> <span class='ocrx_word' id='word_1_63' title='bbox 733 839 877 887; x_wconf 78' lang='lat' dir='ltr'>rediit.</span> <span class='ocrx_word' id='word_1_64' title='bbox 911 838 988 902; x_wconf 86' lang='lat' dir='ltr'>qui</span> <span class='ocrx_word' id='word_1_65' title='bbox 1023 856 1122 885; x_wconf 83' lang='lat' dir='ltr'>curn</span> <span class='ocrx_word' id='word_1_66' title='bbox 1161 839 1205 882; x_wconf 88' lang='lat' dir='ltr'>in</span> <span class='ocrx_word' id='word_1_67' title='bbox 1239 838 1388 883; x_wconf 85' lang='lat' dir='ltr'>senatu</span> <span class='ocrx_word' id='word_1_68' title='bbox 1419 852 1490 883; x_wconf 85' lang='lat' dir='ltr'>res</span> 
     </span>
     <span class='ocr_line' id='line_1_11' title="bbox 197 911 1490 978; baseline -0.006 -11"><span class='ocrx_word' id='word_1_69' title='bbox 197 920 255 967; x_wconf 86' lang='lat' dir='ltr'>ab</span> <span class='ocrx_word' id='word_1_70' title='bbox 283 917 323 963; x_wconf 91' lang='lat' dir='ltr'>se</span> <span class='ocrx_word' id='word_1_71' title='bbox 353 932 431 978; x_wconf 86' lang='lat' dir='ltr'>per</span> <span class='ocrx_word' id='word_1_72' title='bbox 458 913 626 960; x_wconf 74' lang='lat' dir='ltr'>multos</span> <span class='ocrx_word' id='word_1_73' title='bbox 659 929 803 959; x_wconf 90' lang='lat' dir='ltr'>annos</span> <span class='ocrx_word' id='word_1_74' title='bbox 838 911 1017 959; x_wconf 86' lang='lat' dir='ltr'>fortiter</span> <span class='ocrx_word' id='word_1_75' title='bbox 1050 911 1327 973; x_wconf 76' lang='lat' dir='ltr'><strong>feliciterque</strong></span> <span class='ocrx_word' id='word_1_76' title='bbox 1349 911 1490 975; x_wconf 80' lang='lat' dir='ltr'>gestas</span> 
     </span>
     <span class='ocr_line' id='line_1_12' title="bbox 196 984 1490 1055; baseline -0.006 -16"><span class='ocrx_word' id='word_1_77' title='bbox 196 988 493 1055; x_wconf 66' lang='lat' dir='ltr'>exposuisset,</span> <span class='ocrx_word' id='word_1_78' title='bbox 516 985 886 1050; x_wconf 60' lang='lat' dir='ltr'>postillaffetque,</span> <span class='ocrx_word' id='word_1_79' title='bbox 908 997 956 1031; x_wconf 88' lang='lat' dir='ltr'>ut</span> <span class='ocrx_word' id='word_1_80' title='bbox 978 984 1273 1047; x_wconf 81' lang='lat' dir='ltr'>triumphanti</span> <span class='ocrx_word' id='word_1_81' title='bbox 1303 985 1384 1030; x_wconf 84' lang='lat' dir='ltr'>fibi</span> <span class='ocrx_word' id='word_1_82' title='bbox 1415 985 1490 1031; x_wconf 86' lang='lat' dir='ltr'>in-</span> 
     </span>
     <span class='ocr_line' id='line_1_13' title="bbox 195 1056 1493 1122; baseline -0.009 -7"><span class='ocrx_word' id='word_1_83' title='bbox 195 1066 307 1115; x_wconf 73' lang='lat' dir='ltr'>ve&#39;ni</span> <span class='ocrx_word' id='word_1_84' title='bbox 327 1064 482 1111; x_wconf 90' lang='lat' dir='ltr'>liceret</span> <span class='ocrx_word' id='word_1_85' title='bbox 501 1061 546 1107; x_wconf 88' lang='lat' dir='ltr'>in</span> <span class='ocrx_word' id='word_1_86' title='bbox 567 1061 750 1116; x_wconf 87' lang='lat' dir='ltr'>urbem;</span> <span class='ocrx_word' id='word_1_87' title='bbox 774 1078 831 1106; x_wconf 85' lang='lat' dir='ltr'>res</span> <span class='ocrx_word' id='word_1_88' title='bbox 850 1062 1056 1121; x_wconf 69' lang='lat' dir='ltr'>triumpho</span> <span class='ocrx_word' id='word_1_89' title='bbox 1077 1061 1228 1121; x_wconf 73' lang='lat' dir='ltr'>dignas</span> <span class='ocrx_word' id='word_1_90' title='bbox 1247 1056 1316 1122; x_wconf 77' lang='lat' dir='ltr'>effi</span> <span class='ocrx_word' id='word_1_91' title='bbox 1337 1056 1493 1104; x_wconf 86' lang='lat' dir='ltr'>cense-</span> 
     </span>
     <span class='ocr_line' id='line_1_14' title="bbox 197 1128 1492 1196; baseline -0.008 -10"><span class='ocrx_word' id='word_1_92' title='bbox 197 1140 274 1188; x_wconf 78' lang='lat' dir='ltr'>bat</span> <span class='ocrx_word' id='word_1_93' title='bbox 295 1137 467 1184; x_wconf 85' lang='lat' dir='ltr'>senatus</span> <span class='ocrx_word' id='word_1_94' title='bbox 488 1152 499 1180; x_wconf 70' lang='grc' dir='ltr'><strong><em>ε</em></strong></span> <span class='ocrx_word' id='word_1_95' title='bbox 513 1135 597 1196; x_wconf 86' lang='lat' dir='ltr'>sed</span> <span class='ocrx_word' id='word_1_96' title='bbox 613 1137 843 1194; x_wconf 78' lang='lat' dir='ltr'>exemplum</span> <span class='ocrx_word' id='word_1_97' title='bbox 869 1152 895 1178; x_wconf 90' lang='lat' dir='ltr'>a</span> <span class='ocrx_word' id='word_1_98' title='bbox 922 1132 1150 1188; x_wconf 78' lang='lat' dir='ltr'>majoribus</span> <span class='ocrx_word' id='word_1_99' title='bbox 1170 1151 1255 1177; x_wconf 80' lang='lat' dir='ltr'>non</span> <span class='ocrx_word' id='word_1_100' title='bbox 1273 1128 1462 1195; x_wconf 71' lang='lat' dir='ltr'>accepiffe}</span> <span class='ocrx_word' id='word_1_101' title='bbox 1472 1165 1492 1188; x_wconf 87' lang='lat'><strong>,</strong></span> 
     </span>
     <span class='ocr_line' id='line_1_15' title="bbox 198 1206 1492 1272; baseline -0.008 -13"><span class='ocrx_word' id='word_1_102' title='bbox 198 1230 273 1268; x_wconf 84' lang='lat' dir='ltr'>ut,</span> <span class='ocrx_word' id='word_1_103' title='bbox 293 1213 363 1272; x_wconf 78' lang='lat' dir='ltr'>qui</span> <span class='ocrx_word' id='word_1_104' title='bbox 390 1227 515 1269; x_wconf 80' lang='lat' dir='ltr'>neque</span> <span class='ocrx_word' id='word_1_105' title='bbox 544 1208 744 1263; x_wconf 58' lang='lat' dir='ltr'>diamor,</span> <span class='ocrx_word' id='word_1_106' title='bbox 769 1225 894 1268; x_wconf 83' lang='lat' dir='ltr'>neque</span> <span class='ocrx_word' id='word_1_107' title='bbox 922 1206 1089 1264; x_wconf 59' lang='lat' dir='ltr'>confiat,</span> <span class='ocrx_word' id='word_1_108' title='bbox 1115 1223 1240 1266; x_wconf 75' lang='lat' dir='ltr'>neque</span> <span class='ocrx_word' id='word_1_109' title='bbox 1260 1221 1412 1265; x_wconf 74' lang='lat' dir='ltr'>praetor</span> <span class='ocrx_word' id='word_1_110' title='bbox 1429 1220 1492 1250; x_wconf 73' lang='lat' dir='ltr'>res</span> 
     </span>
     <span class='ocr_line' id='line_1_16' title="bbox 134 1270 1492 1352; baseline -0.006 -20"><span class='ocrx_word' id='word_1_111' title='bbox 134 1302 137 1311; x_wconf 66' lang='lat'><em>¹</em></span> <span class='ocrx_word' id='word_1_112' title='bbox 198 1284 392 1352; x_wconf 66' lang='lat' dir='ltr'>geffiſjset,</span> <span class='ocrx_word' id='word_1_113' title='bbox 427 1284 710 1343; x_wconf 70' lang='lat' dir='ltr'>triumpharet.</span> <span class='ocrx_word' id='word_1_114' title='bbox 750 1285 835 1328; x_wconf 82' lang='lat' dir='ltr'>Pro</span> <span class='ocrx_word' id='word_1_115' title='bbox 874 1282 1038 1340; x_wconf 74' lang='lat' dir='ltr'>confide</span> <span class='ocrx_word' id='word_1_116' title='bbox 1073 1282 1189 1325; x_wconf 79' lang='lat' dir='ltr'>illum</span> <span class='ocrx_word' id='word_1_117' title='bbox 1211 1270 1492 1341; x_wconf 48' lang='lat' dir='ltr'>&#39;Hispaniam</span> 
     </span>
     <span class='ocr_line' id='line_1_17' title="bbox 192 1351 1494 1428; baseline -0.008 -20"><span class='ocrx_word' id='word_1_118' title='bbox 192 1363 460 1428; x_wconf 78' lang='lat' dir='ltr'>provinciam</span> <span class='ocrx_word' id='word_1_119' title='bbox 478 1395 490 1414; x_wconf 93' lang='lat'>,</span> <span class='ocrx_word' id='word_1_120' title='bbox 521 1377 606 1404; x_wconf 80' lang='lat' dir='ltr'>non</span> <span class='ocrx_word' id='word_1_121' title='bbox 633 1359 863 1418; x_wconf 72' lang='lat' dir='ltr'>consulem,</span> <span class='ocrx_word' id='word_1_122' title='bbox 895 1373 970 1401; x_wconf 83' lang='lat' dir='ltr'>aut</span> <span class='ocrx_word' id='word_1_123' title='bbox 989 1370 1231 1417; x_wconf 80' lang='lat' dir='ltr'>praetorem,</span> <span class='ocrx_word' id='word_1_124' title='bbox 1265 1351 1494 1415; x_wconf 67' lang='lat' dir='ltr'>obtinuiffi.</span> 
     </span>
     <span class='ocr_line' id='line_1_18' title="bbox 201 1427 1494 1486; baseline -0.009 -3"><span class='ocrx_word' id='word_1_125' title='bbox 201 1432 543 1486; x_wconf 82' lang='lat' dir='ltr'>Decurrebatur</span> <span class='ocrx_word' id='word_1_126' title='bbox 576 1444 724 1478; x_wconf 86' lang='lat' dir='ltr'>tamen</span> <span class='ocrx_word' id='word_1_127' title='bbox 763 1446 846 1484; x_wconf 83' lang='lat' dir='ltr'>e0‚</span> <span class='ocrx_word' id='word_1_128' title='bbox 876 1443 926 1475; x_wconf 88' lang='lat' dir='ltr'>ut</span> <span class='ocrx_word' id='word_1_129' title='bbox 959 1444 1106 1474; x_wconf 88' lang='lat' dir='ltr'>ovans</span> <span class='ocrx_word' id='word_1_130' title='bbox 1141 1427 1296 1473; x_wconf 87' lang='lat' dir='ltr'>urbem</span> <span class='ocrx_word' id='word_1_131' title='bbox 1328 1427 1494 1486; x_wconf 83' lang='lat' dir='ltr'>iniret,</span> 
     </span>
     <span class='ocr_line' id='line_1_19' title="bbox 201 1499 1493 1566; baseline -0.008 -10"><span class='ocrx_word' id='word_1_132' title='bbox 201 1506 507 1558; x_wconf 79' lang='lat' dir='ltr'>intercedente</span> <span class='ocrx_word' id='word_1_133' title='bbox 529 1504 600 1550; x_wconf 78' lang='lat' dir='ltr'>Ti.</span> <span class='ocrx_word' id='word_1_134' title='bbox 624 1502 895 1566; x_wconf 83' lang='lat' dir='ltr'>Sempronio</span> <span class='ocrx_word' id='word_1_135' title='bbox 917 1504 1077 1563; x_wconf 84' lang='lat' dir='ltr'>Longo</span> <span class='ocrx_word' id='word_1_136' title='bbox 1100 1500 1283 1546; x_wconf 84' lang='lat' dir='ltr'>tribuno</span> <span class='ocrx_word' id='word_1_137' title='bbox 1315 1499 1493 1561; x_wconf 78' lang='lat' dir='ltr'>plebi53</span> 
     </span>
     <span class='ocr_line' id='line_1_20' title="bbox 202 1571 1496 1646; baseline -0.009 -18"><span class='ocrx_word' id='word_1_138' title='bbox 202 1582 282 1646; x_wconf 83' lang='lat' dir='ltr'>qui</span> <span class='ocrx_word' id='word_1_139' title='bbox 302 1579 449 1627; x_wconf 83' lang='lat' dir='ltr'>nihilo</span> <span class='ocrx_word' id='word_1_140' title='bbox 468 1576 605 1640; x_wconf 84' lang='lat' dir='ltr'>magis</span> <span class='ocrx_word' id='word_1_141' title='bbox 631 1576 674 1621; x_wconf 89' lang='lat' dir='ltr'>id</span> <span class='ocrx_word' id='word_1_142' title='bbox 698 1593 825 1622; x_wconf 86' lang='lat' dir='ltr'>more</span> <span class='ocrx_word' id='word_1_143' title='bbox 849 1573 1067 1636; x_wconf 81' lang='lat' dir='ltr'>majorum</span> <span class='ocrx_word' id='word_1_144' title='bbox 1086 1609 1097 1629; x_wconf 93' lang='lat'>‚</span> <span class='ocrx_word' id='word_1_145' title='bbox 1121 1585 1198 1619; x_wconf 89' lang='lat' dir='ltr'>aut</span> <span class='ocrx_word' id='word_1_146' title='bbox 1220 1571 1317 1618; x_wconf 80' lang='lat' dir='ltr'>ullo</span> <span class='ocrx_word' id='word_1_147' title='bbox 1337 1587 1496 1618; x_wconf 70' lang='lat' dir='ltr'>exem-</span> 
     </span>
     <span class='ocr_line' id='line_1_21' title="bbox 201 1643 1497 1718; baseline -0.006 -20"><span class='ocrx_word' id='word_1_148' title='bbox 201 1654 283 1718; x_wconf 70' lang='lat' dir='ltr'>plo</span> <span class='ocrx_word' id='word_1_149' title='bbox 304 1652 506 1698; x_wconf 83' lang='lat' dir='ltr'>futurum</span> <span class='ocrx_word' id='word_1_150' title='bbox 536 1650 718 1695; x_wconf 87' lang='lat' dir='ltr'>diceret.</span> <span class='ocrx_word' id='word_1_151' title='bbox 749 1649 982 1694; x_wconf 88' lang='lat' dir='ltr'>Postremo</span> <span class='ocrx_word' id='word_1_152' title='bbox 1005 1646 1146 1693; x_wconf 60' lang='lat' dir='ltr'>vietus</span> <span class='ocrx_word' id='word_1_153' title='bbox 1172 1643 1388 1691; x_wconf 82' lang='lat' dir='ltr'>consensu</span> <span class='ocrx_word' id='word_1_154' title='bbox 1414 1645 1497 1691; x_wconf 84' lang='lat' dir='ltr'>Pa-</span> 
     </span>
     <span class='ocr_line' id='line_1_22' title="bbox 200 1720 1497 1778; baseline -0.009 -1"><span class='ocrx_word' id='word_1_155' title='bbox 200 1741 323 1778; x_wconf 87' lang='lat' dir='ltr'>trum</span> <span class='ocrx_word' id='word_1_156' title='bbox 349 1727 558 1774; x_wconf 86' lang='lat' dir='ltr'>tribunus</span> <span class='ocrx_word' id='word_1_157' title='bbox 577 1725 698 1771; x_wconf 84' lang='lat' dir='ltr'>ceffit</span> <span class='ocrx_word' id='word_1_158' title='bbox 717 1742 728 1771; x_wconf 76' lang='lat' dir='ltr'><em>z</em></span> <span class='ocrx_word' id='word_1_159' title='bbox 751 1725 801 1771; x_wconf 91' lang='lat'>&amp;</span> <span class='ocrx_word' id='word_1_160' title='bbox 821 1741 877 1770; x_wconf 87' lang='lat' dir='ltr'>ex</span> <span class='ocrx_word' id='word_1_161' title='bbox 906 1720 1291 1769; x_wconf 83' lang='lat' dir='ltr'>senatusconsulto</span> <span class='ocrx_word' id='word_1_162' title='bbox 1311 1722 1359 1766; x_wconf 91' lang='lat' dir='ltr'>L.</span> <span class='ocrx_word' id='word_1_163' title='bbox 1378 1722 1497 1766; x_wconf 85' lang='lat' dir='ltr'>Len-</span> 
     </span>
     <span class='ocr_line' id='line_1_23' title="bbox 200 1791 1497 1859; baseline -0.008 -9"><span class='ocrx_word' id='word_1_164' title='bbox 200 1803 324 1850; x_wconf 80' lang='lat' dir='ltr'>tulus</span> <span class='ocrx_word' id='word_1_165' title='bbox 359 1814 506 1845; x_wconf 88' lang='lat' dir='ltr'>ovans</span> <span class='ocrx_word' id='word_1_166' title='bbox 538 1798 695 1843; x_wconf 87' lang='lat' dir='ltr'>urbem</span> <span class='ocrx_word' id='word_1_167' title='bbox 728 1795 789 1842; x_wconf 85' lang='lat' dir='ltr'>est</span> <span class='ocrx_word' id='word_1_168' title='bbox 818 1794 1044 1859; x_wconf 83' lang='lat' dir='ltr'>ingreffus.</span> <span class='ocrx_word' id='word_1_169' title='bbox 1085 1791 1272 1856; x_wconf 83' lang='lat' dir='ltr'>Argenti</span> <span class='ocrx_word' id='word_1_170' title='bbox 1308 1792 1410 1838; x_wconf 68' lang='lat' dir='ltr'>tuiit</span> <span class='ocrx_word' id='word_1_171' title='bbox 1438 1807 1497 1840; x_wconf 73' lang='lat' dir='ltr'>ex</span> 
     </span>
     <span class='ocr_line' id='line_1_24' title="bbox 204 1864 1497 1939; baseline -0.007 -19"><span class='ocrx_word' id='word_1_172' title='bbox 204 1874 350 1939; x_wconf 84' lang='lat' dir='ltr'>praeda</span> <span class='ocrx_word' id='word_1_173' title='bbox 369 1869 660 1934; x_wconf 79' lang='lat' dir='ltr'>quadraginta</span> <span class='ocrx_word' id='word_1_174' title='bbox 681 1880 874 1932; x_wconf 85' lang='lat' dir='ltr'>quatuor</span> <span class='ocrx_word' id='word_1_175' title='bbox 896 1867 1033 1914; x_wconf 88' lang='lat' dir='ltr'>millia</span> <span class='ocrx_word' id='word_1_176' title='bbox 1059 1866 1248 1928; x_wconf 67' lang='lat' dir='ltr'>pond03</span> <span class='ocrx_word' id='word_1_177' title='bbox 1276 1864 1373 1910; x_wconf 85' lang='lat' dir='ltr'>auri</span> <span class='ocrx_word' id='word_1_178' title='bbox 1400 1865 1497 1911; x_wconf 86' lang='lat' dir='ltr'>duo</span> 
     </span>
     <span class='ocr_line' id='line_1_25' title="bbox 202 1939 1495 2009; baseline -0.009 -13"><span class='ocrx_word' id='word_1_179' title='bbox 202 1949 342 1997; x_wconf 80' lang='lat' dir='ltr'>millia</span> <span class='ocrx_word' id='word_1_180' title='bbox 361 1946 683 2009; x_wconf 77' lang='lat' dir='ltr'>quadringenta</span> <span class='ocrx_word' id='word_1_181' title='bbox 701 1943 1040 2007; x_wconf 82' lang='lat' dir='ltr'>quinquaginta.</span> <span class='ocrx_word' id='word_1_182' title='bbox 1065 1939 1282 1987; x_wconf 78' lang='lat' dir='ltr'>militibus</span> <span class='ocrx_word' id='word_1_183' title='bbox 1305 1956 1359 1985; x_wconf 84' lang='lat' dir='ltr'>ex</span> <span class='ocrx_word' id='word_1_184' title='bbox 1378 1955 1495 2001; x_wconf 81' lang='lat' dir='ltr'>prae-</span> 
     </span>
     <span class='ocr_line' id='line_1_26' title="bbox 204 2015 1162 2079; baseline -0.01 -10"><span class='ocrx_word' id='word_1_185' title='bbox 204 2022 259 2069; x_wconf 84' lang='lat' dir='ltr'>da</span> <span class='ocrx_word' id='word_1_186' title='bbox 289 2033 471 2066; x_wconf 79' lang='lat' dir='ltr'>cer-tum</span> <span class='ocrx_word' id='word_1_187' title='bbox 500 2017 663 2079; x_wconf 85' lang='lat' dir='ltr'>viginti</span> <span class='ocrx_word' id='word_1_188' title='bbox 690 2016 794 2063; x_wconf 79' lang='lat' dir='ltr'>affes</span> <span class='ocrx_word' id='word_1_189' title='bbox 817 2015 982 2061; x_wconf 80' lang='lat' dir='ltr'>divisit.</span> <span class='ocrx_word' id='word_1_190' title='bbox 1158 2015 1162 2019; x_wconf 74' lang='grc'><strong>’</strong></span> 
     </span>
    </p>

    <p class='ocr_par' dir='ltr' id='par_1_4' title="bbox 204 2082 1498 2521">
     <span class='ocr_line' id='line_1_27' title="bbox 268 2082 1496 2142; baseline -0.008 -4"><span class='ocrx_word' id='word_1_191' title='bbox 268 2093 396 2142; x_wconf 78' lang='grc' dir='ltr'><strong>ΧΧΙ.</strong></span> <span class='ocrx_word' id='word_1_192' title='bbox 426 2091 519 2137; x_wconf 88' lang='lat' dir='ltr'>Jarn</span> <span class='ocrx_word' id='word_1_193' title='bbox 559 2089 784 2134; x_wconf 85' lang='lat' dir='ltr'>exercitus</span> <span class='ocrx_word' id='word_1_194' title='bbox 813 2085 1059 2134; x_wconf 81' lang='lat' dir='ltr'>consularis</span> <span class='ocrx_word' id='word_1_195' title='bbox 1091 2085 1146 2132; x_wconf 87' lang='lat' dir='ltr'>ab</span> <span class='ocrx_word' id='word_1_196' title='bbox 1173 2083 1354 2130; x_wconf 79' lang='lat' dir='ltr'>Arretio</span> <span class='ocrx_word' id='word_1_197' title='bbox 1389 2082 1496 2130; x_wconf 84' lang='lat' dir='ltr'>Ari-</span> 
     </span>
     <span class='ocr_line' id='line_1_28' title="bbox 204 2155 1497 2223; baseline -0.013 -6"><span class='ocrx_word' id='word_1_198' title='bbox 204 2169 379 2218; x_wconf 84' lang='lat' dir='ltr'>minum</span> <span class='ocrx_word' id='word_1_199' title='bbox 413 2164 638 2212; x_wconf 71' lang='lat' dir='ltr'>traduEtus</span> <span class='ocrx_word' id='word_1_200' title='bbox 674 2174 786 2217; x_wconf 86' lang='lat' dir='ltr'>erat,</span> <span class='ocrx_word' id='word_1_201' title='bbox 830 2163 877 2208; x_wconf 90' lang='lat'>&amp;</span> <span class='ocrx_word' id='word_1_202' title='bbox 913 2160 1113 2223; x_wconf 85' lang='lat' dir='ltr'>quinque</span> <span class='ocrx_word' id='word_1_203' title='bbox 1149 2158 1287 2204; x_wconf 79' lang='lat' dir='ltr'>millia</span> <span class='ocrx_word' id='word_1_204' title='bbox 1323 2155 1497 2203; x_wconf 70' lang='lat' dir='ltr'>socistm</span> 
     </span>
     <span class='ocr_line' id='line_1_29' title="bbox 205 2228 1497 2292; baseline -0.012 -4"><span class='ocrx_word' id='word_1_205' title='bbox 205 2241 354 2292; x_wconf 86' lang='lat' dir='ltr'>Latini</span> <span class='ocrx_word' id='word_1_206' title='bbox 391 2236 585 2284; x_wconf 84' lang='lat' dir='ltr'>nominis</span> <span class='ocrx_word' id='word_1_207' title='bbox 613 2252 667 2282; x_wconf 84' lang='lat' dir='ltr'>ex</span> <span class='ocrx_word' id='word_1_208' title='bbox 697 2235 845 2281; x_wconf 87' lang='lat' dir='ltr'>Gallia</span> <span class='ocrx_word' id='word_1_209' title='bbox 881 2234 927 2279; x_wconf 87' lang='lat' dir='ltr'>in</span> <span class='ocrx_word' id='word_1_210' title='bbox 961 2232 1184 2279; x_wconf 82' lang='lat' dir='ltr'>Etruriam</span> <span class='ocrx_word' id='word_1_211' title='bbox 1220 2228 1497 2275; x_wconf 83' lang='lat' dir='ltr'>tranfierant.</span> 
     </span>
     <span class='ocr_line' id='line_1_30' title="bbox 206 2299 1498 2377; baseline -0.013 -15"><span class='ocrx_word' id='word_1_212' title='bbox 206 2315 356 2377; x_wconf 82' lang='lat' dir='ltr'>itaque</span> <span class='ocrx_word' id='word_1_213' title='bbox 377 2316 424 2359; x_wconf 88' lang='lat' dir='ltr'>L.</span> <span class='ocrx_word' id='word_1_214' title='bbox 448 2311 628 2368; x_wconf 84' lang='lat' dir='ltr'>Furius,</span> <span class='ocrx_word' id='word_1_215' title='bbox 654 2308 825 2371; x_wconf 85' lang='lat' dir='ltr'>magnis</span> <span class='ocrx_word' id='word_1_216' title='bbox 850 2307 1081 2352; x_wconf 86' lang='lat' dir='ltr'>itineribus</span> <span class='ocrx_word' id='word_1_217' title='bbox 1106 2306 1160 2350; x_wconf 89' lang='lat' dir='ltr'>ab</span> <span class='ocrx_word' id='word_1_218' title='bbox 1179 2303 1388 2350; x_wconf 85' lang='lat' dir='ltr'>Arimino</span> <span class='ocrx_word' id='word_1_219' title='bbox 1415 2299 1498 2345; x_wconf 75' lang='lat' dir='ltr'>ad=</span> 
     </span>
     <span class='ocr_line' id='line_1_31' title="bbox 207 2376 1497 2440; baseline -0.013 -6"><span class='ocrx_word' id='word_1_220' title='bbox 207 2397 365 2434; x_wconf 74' lang='lat' dir='ltr'>verius</span> <span class='ocrx_word' id='word_1_221' title='bbox 404 2385 590 2440; x_wconf 64' lang='lat' dir='ltr'>Gailos‚</span> <span class='ocrx_word' id='word_1_222' title='bbox 623 2384 900 2429; x_wconf 88' lang='lat' dir='ltr'>Cremonam</span> <span class='ocrx_word' id='word_1_223' title='bbox 936 2391 1031 2424; x_wconf 87' lang='lat' dir='ltr'>tum</span> <span class='ocrx_word' id='word_1_224' title='bbox 1068 2376 1348 2427; x_wconf 77' lang='lat' dir='ltr'>obsidentes,</span> <span class='ocrx_word' id='word_1_225' title='bbox 1383 2388 1497 2435; x_wconf 88' lang='lat' dir='ltr'>pro-</span> 
     </span>
     <span class='ocr_line' id='line_1_32' title="bbox 209 2445 1493 2521; baseline -0.014 -13"><span class='ocrx_word' id='word_1_226' title='bbox 209 2459 374 2521; x_wconf 61' lang='lat' dir='ltr'>fefius,</span> <span class='ocrx_word' id='word_1_227' title='bbox 404 2458 539 2508; x_wconf 88' lang='lat' dir='ltr'>castra</span> <span class='ocrx_word' id='word_1_228' title='bbox 571 2455 693 2506; x_wconf 87' lang='lat' dir='ltr'>mille</span> <span class='ocrx_word' id='word_1_229' title='bbox 729 2454 1087 2520; x_wconf 82' lang='lat' dir='ltr'>quingentorum</span> <span class='ocrx_word' id='word_1_230' title='bbox 1118 2449 1317 2514; x_wconf 78' lang='lat' dir='ltr'>paffuum</span> <span class='ocrx_word' id='word_1_231' title='bbox 1350 2445 1493 2492; x_wconf 70' lang='lat' dir='ltr'>inter-s</span> 
     </span>
    </p>
   </div>
  </div>
 </body>
</html>
