1592 2724
186 175 275 219 272
534 146 1107 208 T1T1L1y11

184 267 257 323 di,
281 280 402 311 nunc
430 260 476 307 in
504 260 744 318 stationes,
767 275 890 306 nunc
910 257 956 303 in
977 274 1116 321 opera
1139 256 1471 315 Macedonumj

185 339 425 388 faciebant.
461 336 512 382 &
539 332 785 393 adjuvabat
804 349 883 378 eos
902 347 1061 378 natura
1093 330 1183 393 ipsa
1202 331 1306 378 loci.
1342 347 1470 376 nam-

183 429 271 477 que
291 407 538 457 Thaumaci
566 425 588 455 a
609 407 734 471 Pylis
753 407 938 468 sinuque
957 405 1154 453 Maliaco
1175 421 1251 467 per
1273 405 1470 451 Lamiam

183 483 309 532 eunti
341 482 450 529 loco
477 481 570 527 alto
605 480 671 526 fiti
704 480 831 537 sunt,
870 478 972 541 ipsis
1002 477 1204 524 faucibus
1231 476 1473 522 imminen-

183 572 278 618 tes,
309 573 418 621 quas
455 553 590 601 Coela
626 564 827 601 vocant:
860 552 1188 615 Thess'aliaeque
1227 549 1473 597 transeunti

184 626 454 692 confragosa
469 627 570 672 loca
587 624 924 687 implicatasque
940 624 1132 671 flexibus
1147 623 1336 671 vallium
1351 622 1472 680 vias,

182 706 261 753 ubi
283 713 471 751 ventum
491 698 546 745 ad
578 698 694 745 hanc
714 698 868 744 urbem
887 697 972 755 est,
992 710 1175 760 repente
1189 733 1203 754 ‚
1225 696 1355 745 velut
1377 712 1474 742 ma-

183 783 244 830 ris
273 777 416 835 vasti,
444 775 503 823 stc
536 772 751 822 immensa
780 772 988 836 panditur
1018 772 1224 834 planities
1244 806 1259 829 ‚
1287 783 1337 817 ut
1367 769 1472 816 sub-

185 854 325 917 jeElos
355 864 539 911 campos
570 848 808 894 terminare
842 845 987 893 oculis
1019 845 1136 891 haud
1166 844 1298 891 facile
1324 859 1474 906 queas.

186 926 259 973 Ab
283 940 341 970 eo
372 920 593 969 miraculo
621 917 871 964 Thaumaci
897 916 1123 979 appellati.
1158 931 1242 961 nec
1271 915 1475 961 altitudi-

188 1015 245 1045 ne
271 995 415 1042 solum
446 1004 540 1038 tuta
569 989 674 1036 urbs
698 1024 714 1045 ‚
747 987 820 1034 sed
850 988 1005 1050 quod,
1029 986 1137 1032 saxo
1168 985 1367 1046 undique
1394 985 1474 1030 ab-

189 1069 319 1127 sciso,
340 1065 527 1129 rupibus
546 1060 754 1125 imposita
772 1059 847 1107 est.
869 1062 950 1106 Hae
969 1058 1267 1116 difficultates,
1282 1059 1331 1104 &
1349 1056 1476 1120 quod

187 1143 310 1193 haud
332 1141 433 1189 satis
452 1139 637 1201 dignum
657 1133 769 1181 tanti
791 1132 956 1179 laboris
976 1130 1254 1195 periculique
1279 1130 1474 1193 pretium

189 1229 315 1275 erat,
346 1226 397 1261 ut
434 1209 655 1259 absisteret
688 1207 872 1268 incepto
909 1204 1176 1267 Philippus,
1212 1202 1476 1250 effecerunt.

189 1291 333 1339 hiems
366 1300 548 1350 quoque
580 1281 669 1344 jam
709 1279 929 1336 instabat,
971 1294 1073 1324 cum
1108 1276 1213 1322 inde
1245 1274 1441 1322 absceffit
1461 1308 1477 1332 ‚

190 1367 240 1412 ὃ(
268 1363 313 1409 in
333 1354 651 1407 Macedoniam
681 1352 729 1398 in
763 1351 948 1397 hiberna
971 1348 1124 1412 copias
1152 1347 1344 1394 reduxit.
1477 1343 1480 1346 ’

255 1437 313 1481 V.
347 1430 412 1478 lbi
433 1426 567 1476 ceteri
596 1424 775 1489 quidem
792 1458 806 1482 ‚
833 1422 934 1469 data
960 1432 1314 1485 quantacunque
1350 1416 1476 1481 quie-

193 1524 234 1556 te
261 1501 477 1567 temporis
493 1536 507 1560 ,
539 1498 668 1546 simul
696 1497 872 1545 animos
895 1509 1182 1557 corporaque
1203 1491 1479 1539 remiserant.

190 1578 446 1641 Philippum
474 1582 687 1636 quantum
720 1569 774 1615 ab
804 1567 978 1614 affiduis
1004 1565 1237 1612 laboribus
1266 1563 1479 1609 itinerum

190 1663 533 1717 pugnarumque
563 1645 791 1691 laxaverat
810 1658 983 1697 annus,
1010 1651 1138 1686 tanto
1167 1637 1308 1701 magis
1326 1637 1480 1683 inten-

191 1742 287 1776 tum
318 1727 364 1771 in
383 1720 644 1771 universum
669 1728 885 1766 eventum
904 1714 1010 1763 belli
1031 1731 1148 1761 cura:
1165 1723 1361 1776 angunt,
1383 1727 1480 1757 non

194 1800 343 1850 hostes
375 1798 518 1846 modo
549 1795 812 1850 timentem,
846 1790 925 1854 qui
958 1802 1076 1835 terra
1109 1786 1313 1848 marique
1351 1800 1481 1847 urge-

197 1879 336 1931 bant3
367 1872 440 1920 sed
469 1887 592 1918 nunc
621 1868 876 1924 sociorum,
908 1880 1027 1911 nunc
1047 1862 1179 1908 etiam
1198 1858 1482 1923 popularium

195 1949 401 2005 animos,
439 1962 495 1992 ne
529 1946 578 1992 &
601 1942 668 1990 illi
691 1941 745 1988 ad
775 1940 893 2004 spem
922 1936 1130 1985 amicitiae
1165 1935 1482 1980 Romanorum

197 2021 467 2077 deficerent,
489 2020 538 2065 &
556 2015 830 2063 Macedonas
856 2011 976 2074 ipsos
999 2010 1169 2073 cupido
1189 2005 1395 2053 novandi
1413 2021 1481 2051 res

201 2104 395 2158 caperet.
431 2090 580 2154 itaque
608 2091 658 2136 &
680 2087 728 2133 in
751 2084 958 2145 Achaiam
979 2083 1150 2146 legatos
1175 2080 1290 2127 misit
1308 2114 1322 2137 ‚
1354 2075 1483 2124 fimul

199 2168 278 2231 qui
308 2163 613 2229 jusjurandum
647 2159 737 2224 (ita
764 2158 883 2205 enim
915 2155 1210 2219 pepigerant,
1237 2147 1484 2214 quotannis

199 2241 427 2304 juraturos
456 2236 503 2283 in
532 2233 670 2283 verba
700 2227 926 2293 Philippi)
958 2227 1213 2291 exigerent:
1247 2222 1375 2270 fimul
1404 2221 1484 2284 qui

201 2312 436 2359 redderent
471 2305 652 2354 Achaeis
685 2304 1051 2358 Orchomenon,
1084 2300 1135 2346 &
1164 2299 1400 2350 Heraeam,
1434 2295 1484 2339 &

200 2383 516 2448 Triphyliam3
531 2378 647 2426 Eleis
662 2377 913 2439 Alipheram
925 2409 941 2433 ‚
953 2368 1329 2420 contendentibus
1340 2402 1353 2422 ,
1368 2367 1485 2410 nun-'

200 2477 336 2525 quam
362 2475 460 2507 eam
484 2455 642 2504 urbem
671 2451 795 2505 fuiffe
826 2467 883 2499 ex
905 2446 1176 2511 Triphylia,
1198 2442 1271 2492 sed
1298 2440 1377 2490 fibi
1405 2439 1484 2488 de·-
