1592 2724
205 145 298 209 338
557 140 1128 189 T1T1L1v11

203 269 261 298 eo
299 251 368 298 die
399 249 519 297 mille
552 251 602 297 δί
635 248 898 314 quingenti,
937 247 1058 311 capti
1085 245 1286 296 trecenti.
1325 245 1492 308 Achaia

205 325 357 373 omnis
384 341 548 387 magno
577 323 761 369 liberata
780 334 917 370 metu.

269 401 396 447 th.
418 397 678 461 Priusquam
701 396 987 444 dimicaretur
1015 396 1068 442 ad
1095 393 1495 460 Cynoscephalas,

206 475 253 520 L.
276 471 544 532 Quinfflus,
582 471 839 532 Corcyram
870 468 1028 516 excitis
1057 472 1341 515 Acarnanum
1365 467 1495 531 prin-

205 544 383 606 cipibus
399 580 413 600 ,
439 560 539 605 quae
559 542 649 587 sola
664 541 858 588 Graeciae
877 541 1076 605 gentium
1103 541 1147 586 iu
1169 540 1379 587 societate
1399 541 1499 586 Ma-

203 620 434 666 cedonum
464 616 708 672 manserat,
729 615 906 661 initium
927 616 1155 678 quoddam
1175 615 1237 662 ibi
1261 627 1413 661 motus
1434 613 1498 660 fe·

205 691 283 738 cit.
318 692 442 736 Duae
476 700 626 735 autem
665 688 860 734 maxime
893 687 1032 734 causae
1068 704 1146 734 eos
1179 698 1416 734 tenuerant
1449 686 1498 733 in

206 762 405 810 amicitia
428 761 573 826 regis3
606 778 695 807 una
725 759 832 808 fides
855 760 982 807 insita
1014 760 1165 824 genti,
1193 760 1329 807 altera
1353 772 1498 807 metus

206 835 457 899 odiumque
483 834 762 882 AEtolorum.
798 832 1063 880 Concilium
1099 834 1349 881 Leucadem
1380 832 1500 880 indi-

208 910 327 955 {lum
357 907 431 955 est,
467 910 536 955 Eo
567 924 714 971 neque
746 906 893 954 cunffi
922 922 1184 953 convenere
1214 909 1500 954 Acarnanum

209 981 398 1046 populi,
432 998 516 1028 nec
545 980 675 1044 ipsis,
695 980 779 1044 qui
807 992 1147 1038 convenerant,
1175 978 1292 1026 idem
1317 979 1499 1043 placuit.

210 1055 284 1102 sed
311 1056 359 1102 &
378 1053 608 1117 principes
636 1055 685 1101 ὅ(
709 1052 983 1117 magistratus
1004 1051 1319 1115 pervicerunt,
1337 1062 1387 1098 ut
1406 1051 1503 1115 pri-

210 1140 368 1174 vatum
390 1127 619 1174 decretum
632 1129 855 1174 Romanae
874 1125 1094 1173 societatis
1109 1123 1247 1173 fieret.
1266 1126 1314 1172 Id
1327 1141 1505 1181 omnes,

211 1203 293 1265 qui
312 1202 575 1259 abfuerant,
611 1219 726 1264 aegre
750 1202 879 1264 paffi3
908 1202 957 1248 &
982 1200 1028 1246 in
1064 1201 1156 1247 hoc
1187 1199 1365 1246 fremitu
1391 1216 1503 1263 gen—

211 1276 268 1322 tis
289 1291 312 1320 a
332 1273 543 1336 Philippo
573 1273 686 1319 miffi
716 1274 810 1320 duo
838 1271 1064 1336 principes
1085 1270 1391 1329 Acarnanum,
1410 1272 1505 1317 An-

212 1348 392 1395 drocles
425 1350 474 1395 &
506 1347 784 1394 Echedemus
804 1382 817 1405 ‚
855 1363 951 1393 non
987 1347 1041 1393 ad
1075 1346 1328 1393 tollendum
1359 1346 1502 1392 modo

214 1423 441 1468 decretum
462 1422 684 1468 Romanae
719 1420 942 1468 societatis
968 1420 1205 1466 valuerunt
1222 1455 1236 1478 ‚
1271 1418 1344 1465 sed
1373 1417 1505 1464 etiam

217 1506 268 1540 ut
300 1493 545 1539 Archelaus
578 1494 626 1540 ὅ(
663 1492 829 1538 Bianor
851 1527 865 1551 ,
900 1490 1123 1554 principes
1157 1489 1300 1553 gentis
1337 1488 1505 1543 ambo,

215 1566 343 1629 quod
371 1566 573 1612 atzElores
606 1564 700 1627 ejus
734 1563 965 1610 sententiae
995 1562 1202 1618 fuissent,
1226 1559 1504 1624 proditionis

217 1639 261 1685 iu
281 1637 483 1686 concilio
505 1638 846 1697 damnarentur,
860 1638 907 1683 &
924 1634 1135 1681 Zeuxidae
1156 1633 1365 1696 praetori,
1380 1631 1507 1695 quod

218 1713 271 1758 de
295 1729 346 1758 ea
366 1728 412 1757 re
432 1709 645 1756 retuliffet
662 1745 676 1767 ‚
698 1709 938 1772 imperium
968 1708 1274 1770 abrogaretur.
1309 1705 1421 1751 Rem
1439 1716 1507 1749 te-

218 1786 486 1843 merariam,
521 1784 593 1830 sed
630 1797 796 1831 eventu
826 1783 1118 1847 prosperam,
1151 1778 1349 1826 damnati
1383 1777 1506 1824 fece-

217 1870 339 1905 runt.
379 1856 677 1904 Suadentibus
708 1872 901 1918 namque
933 1853 1114 1910 amicis,
1154 1852 1362 1899 cederent
1392 1862 1506 1895 tem-

219 1932 322 1996 pori
340 1968 352 1985 ‚
373 1933 421 1979 ὅ(
441 1932 698 1995 Corcyram
715 1929 769 1976 ad
787 1931 1019 1976 Romanos
1041 1926 1239 1981 abirent,
1262 1924 1509 1970 statuerunt

222 2004 385 2050 offerre
413 2003 455 2049 se
479 2001 786 2059 multitudini,
812 2004 860 2048 &
893 2012 968 2046 aut
994 2016 1050 2045 eo
1084 1998 1181 2061 ipso
1218 1996 1357 2043 lenire
1386 1995 1472 2042 iras
1491 2032 1506 2051 ‚

221 2092 295 2125 aut
318 2077 434 2141 pati,
457 2078 584 2139 quod
605 2076 726 2123 casus
747 2075 924 2122 tuliss'et.
949 2074 1068 2120 Cum
1090 2073 1131 2118 se
1152 2069 1379 2134 frequenti
1396 2086 1506 2116 con·

222 2152 332 2200 cilio
360 2150 607 2197 intulissent
625 2185 637 2205 ‚
670 2148 818 2211 primo
841 2163 1044 2193 murmur
1068 2162 1118 2191 ac
1146 2143 1348 2190 fremitus
1369 2140 1507 2188 admi-

221 2225 418 2273 rantium
435 2260 448 2282 ‚
483 2221 705 2269 suentium
733 2238 839 2267 mox
871 2238 894 2267 a
916 2216 1187 2266 verecundia
1219 2215 1346 2262 simul
1366 2213 1509 2277 pristi—

225 2319 294 2347 nae
331 2299 589 2363 dignitatis,
626 2314 677 2344 ac
712 2295 1017 2343 misericordia
1054 2291 1281 2356 praesentis
1312 2290 1509 2336 fortuna:

223 2389 377 2420 ortum
412 2372 486 2418 est.
528 2369 750 2417 potestate
783 2384 968 2432 quoque
1007 2364 1184 2412 dicendi
1216 2361 1351 2418 fasta,
1379 2358 1505 2423 prin-

225 2447 349 2509 cip'm
383 2444 662 2508 suppliciter,
693 2441 969 2504 procedente
990 2451 1139 2507 autem
1166 2434 1400 2489 oratione,
1427 2430 1506 2478 ubi
