1592 2724
147 166 242 216 '132-
507 149 1068 198 T1T1L1V11

148 258 268 306 fefto
303 257 478 317 amiffa,
510 258 600 305 alio
641 256 844 321 equitatu
882 272 962 319 per
999 272 1176 304 novum
1215 254 1432 304 deleclum

148 347 441 397 comparato,
481 332 752 379 Hannonem
789 328 1054 377 Hamilcaris
1090 327 1232 375 filium
1276 329 1431 392 praefi-

148 407 289 454 ciunt.
321 404 637 452 Hasdrubalem
667 401 851 450 subinde
873 419 924 449 ac
946 401 1202 464 Syphacem
1223 418 1302 463 per
1327 401 1431 447 lite-

148 496 217 526 ras
238 477 510 540 nuntiosque
526 511 539 533 ,
559 474 792 538 postremo
812 473 943 519 etiam
970 489 1049 535 per
1069 472 1239 535 legatos
1256 508 1271 529 ,
1291 472 1432 519 arces-

147 551 247 598 sunt
271 568 281 596 :
320 547 637 596 Hasdrubalem
671 562 806 608 opem
832 544 948 591 ferre
972 560 1114 606 prope
1144 542 1432 590 circumsefl'ae

147 622 303 687 patriae
324 621 512 683 jubent:
536 617 788 683 Syphacem
821 628 976 671 orant,
995 628 1044 662 ut
1073 614 1358 678 Carthagini,
1382 605 1432 661 ut

148 694 372 742 universae
403 691 572 739 Africae
591 688 839 737 subveniat.
866 689 937 734 Ad
960 688 1141 735 Uticam
1169 698 1265 733 tum
1292 686 1430 734 castra

147 768 303 831 Scipio
319 803 333 825 ,
355 766 493 813 ferme
516 763 638 811 mille
658 761 802 825 passus
820 762 875 808 ab
897 761 1030 818 urbe,
1050 760 1239 808 habebat
1254 795 1267 817 ‚
1289 772 1432 807 trans·

148 842 238 888 lata
261 857 287 886 a
304 838 441 896 mari,
461 836 538 884 ubi
562 851 730 900 paucos
751 834 843 881 dies
870 833 1029 880 stativa
1053 832 1291 895 conjunfla
1312 833 1431 881 classi

147 915 338 962 fuerant.
364 913 532 958 Hanno
547 946 560 968 ,
580 925 862 972 nequaquam
883 906 983 954 satis
1003 906 1159 952 valido
1176 941 1189 964 ,
1210 923 1306 952 non
1325 923 1431 953 mo-

147 989 209 1035 do
231 988 285 1034 ad
310 984 607 1032 lacessendum
627 980 823 1038 hostem,
843 978 916 1025 sed
942 995 997 1024 ne
1022 978 1078 1025 ad
1105 978 1297 1025 tuendos
1323 979 1431 1043 qui-

147 1063 250 1110 dem
277 1078 302 1108 a
329 1056 700 1122 populationibus
732 1069 889 1118 agros,
914 1051 1116 1117 equitatu
1143 1065 1360 1114 accepto,
1385 1052 1432 1099 id

145 1133 352 1182 omnium
369 1132 563 1195 primum
579 1129 667 1193 egit
679 1164 694 1187 ‚
713 1142 765 1175 ut
780 1144 860 1191 per
875 1124 1255 1190 conquifitionem
1271 1142 1432 1172 nume-

145 1225 245 1257 rum
273 1205 477 1270 equitum
503 1216 697 1267 augeret.
741 1194 825 1249 nec
855 1200 1039 1248 aliarum
1067 1199 1264 1262 gentium
1284 1198 1433 1261 asper-

145 1294 301 1338 natus,
321 1277 513 1326 maxime
545 1291 694 1323 tamen
726 1273 944 1320 Numidas
976 1271 1052 1336 (id
1081 1271 1214 1334 longe
1235 1271 1431 1334 primum

145 1354 345 1418 equitum
365 1353 413 1398 in
433 1349 586 1396 Africa
610 1347 670 1394 est
691 1336 860 1411 genus)
880 1344 1108 1394 conducit.
1134 1346 1225 1392 Jam
1247 1345 1300 1392 ad
1323 1363 1430 1409 qua-

144 1439 252 1474 tuor
277 1423 416 1471 millia
439 1421 639 1484 equitum
657 1418 848 1465 habebat
863 1454 877 1476 ,
907 1434 1008 1465 cum
1033 1416 1224 1463 Saleram
1243 1417 1430 1465 nomine

144 1501 304 1550 urbem
332 1494 605 1559 occupavit;
634 1491 890 1557 quindecim
920 1491 1059 1537 ferme
1086 1490 1224 1537 millia
1251 1490 1307 1537 ab
1333 1493 1430 1538 Ro-

143 1572 292 1624 manis
334 1568 498 1618 castris.
549 1566 693 1628 Quod
732 1565 810 1612 ubi
856 1562 1061 1627 Scipioni
1104 1563 1293 1610 relatum
1337 1563 1429 1623 est,

145 1647 314 1713 AEstiva
332 1643 417 1706 sub
445 1643 554 1689 teffis
584 1643 821 1703 equitatus?
851 1638 1025 1702 inquit,
1048 1639 1141 1704 sint
1168 1644 1235 1685 vel
1254 1643 1427 1700 plures,

144 1724 245 1767 dum
269 1723 392 1764 talem
415 1720 553 1763 ducem
582 1718 771 1761 habeant.
797 1729 946 1776 eoque
975 1712 1123 1759 minus
1153 1711 1232 1758 fibi
1257 1712 1426 1759 cessan-

143 1792 251 1838 dum
271 1802 414 1847 ratus,
433 1805 526 1852 quo
548 1787 613 1834 illi
632 1786 805 1850 segnius
825 1802 918 1832 rem
935 1797 1138 1848 agerent,
1156 1783 1426 1831 Mafiniffam

145 1879 249 1910 cum
276 1861 476 1925 equitatu
501 1858 769 1924 praemiffum
798 1857 944 1921 portis
971 1856 1263 1919 obequitare,
1290 1869 1426 1919 atque

141 1936 315 1983 hostem
334 1935 389 1981 ad
407 1951 599 1998 pugnam
621 1933 808 1991 elicere,
827 1931 966 1994 jubet.
999 1930 1077 1977 ubi
1099 1929 1246 1976 omnis
1268 1931 1430 1976 multi2

142 2008 254 2054 tudo
272 2006 313 2053 se
332 2005 570 2063 effudiffet‚
590 2003 859 2068 graviorque
875 2001 961 2062 jam
981 2001 1027 2047 in
1049 2002 1288 2049 certamine
1303 2002 1425 2060 effer,

142 2097 278 2145 quam
309 2091 360 2126 ut
384 2079 514 2126 facile
543 2077 745 2125 sustineri
777 2076 947 2140 posset,
975 2076 1152 2123 cederet
1181 2075 1423 2138 paulatim3

139 2154 185 2200 se
210 2153 257 2200 in
281 2164 486 2215 tempore
506 2167 668 2214 pugnae
698 2151 1020 2199 obventurum.
1045 2152 1241 2198 Tantum
1269 2165 1425 2196 mora-

139 2239 241 2286 tus,
272 2236 490 2289 quantum
525 2223 625 2270 satis
664 2223 880 2285 temporis
917 2222 1151 2285 praegresso
1185 2220 1329 2269 visum
1366 2219 1423 2266 ad

140 2300 386 2348 eliciendos
414 2298 589 2355 hostes,
618 2315 721 2345 cum
750 2299 962 2344 Romano
996 2297 1194 2359 equitatu
1221 2295 1422 2351 secutus,

142 2373 391 2437 tegentibus
428 2372 641 2429 tumulis,
678 2371 755 2435 qui
794 2383 1137 2434 peropportune
1175 2368 1290 2415 circa
1332 2367 1423 2413 vice.

140 2446 281 2494 flexus
301 2443 499 2510 oppositi
519 2437 671 2504 erant,
693 2442 898 2493 occultus
922 2440 1145 2506 proceffit.
1175 2436 1420 2498 Masinissa,
