1592 2724
144 171 232 222 166
495 176 1064 231 T1T1L1V11

139 299 243 329 mor
282 281 338 329 ab
375 281 629 347 legionibus
662 287 864 336 additus:
898 307 983 338 nec
1020 292 1196 341 stetisset
1232 295 1428 345 hostium

138 354 278 411 acies,
305 355 350 401 ni
371 357 506 419 Mago
522 391 534 412 ‚
554 358 610 404 ad
632 358 826 422 primum
848 362 1050 426 equitum
1078 380 1276 419 motum,
1297 386 1428 430 para-

138 439 214 476 tos
235 429 500 493 elephantos
524 433 755 495 extemplo
777 435 822 481 in
844 437 1056 498 proelium
1080 437 1332 488 induxisset.
1357 441 1427 488 Ad

138 519 337 567 quorum
367 503 604 551 stridorem
635 506 918 572 odoremque
949 511 999 557 &
1031 510 1254 574 aspectum
1283 513 1429 561 territi

136 576 246 633 equi
275 593 447 623 vanum
475 577 675 640 equestre
693 580 909 628 auxilium
936 581 1152 630 fecerunt.
1180 586 1229 633 ὅ(
1248 598 1299 632 ut
1321 604 1427 649 per-

138 651 330 710 mixtus,
351 651 428 698 ubi
460 653 638 714 cuspide
665 653 732 700 uti
760 657 810 703 &
839 648 1048 703 cominus
1077 657 1228 721 gladio
1260 660 1433 721 pollet,

137 724 322 773 roboris
339 724 522 787 majoris
543 726 777 773 Romanus
800 744 936 790 eques
955 746 1068 786 eran,
1086 730 1147 777 ita
1165 730 1209 776 in
1229 731 1428 780 ablatum

137 803 410 867 paventibus
441 802 606 865 procul
635 803 760 867 equis
790 803 949 852 melius
971 822 1025 852 ex
1054 805 1297 855 intervallo
1326 809 1428 854 Nu-

137 879 272 926 midae
297 876 622 940 jaculabantur.
647 877 788 924 Simul
817 880 865 926 &
882 878 1083 942 peditum
1110 879 1227 943 legio
1249 880 1428 928 duode-

136 953 281 1011 cima,
313 967 472 1015 magna
502 967 557 996 ex
582 960 707 1012 parte
733 950 865 1009 caesa,
887 951 1060 1012 pudore
1092 951 1262 1013 magis,
1289 970 1428 1016 quam

136 1027 314 1074 viribus
328 1060 341 1081 ,
360 1024 542 1072 tenebat
560 1025 730 1072 locum.
754 1041 837 1072 nec
856 1023 1025 1071 diutius
1046 1024 1275 1083 tenuisset,
1301 1027 1347 1072 ni
1368 1045 1427 1074 ex

136 1098 339 1147 subsidiis
366 1097 673 1145 tertiadecima
703 1096 849 1161 legio,
878 1096 925 1143 in
958 1096 1148 1159 primam
1179 1097 1320 1146 aciem
1352 1099 1426 1147 in-

132 1175 267 1222 'duaa
284 1210 297 1231 ‚
318 1173 533 1236 proelium
566 1172 752 1219 dubium
778 1171 1032 1234 excepisset.
1070 1173 1211 1236 Mago
1240 1191 1430 1237 quoque

136 1266 196 1297 ex
215 1247 414 1296 subsidiis
429 1246 587 1294 Gallos
608 1245 792 1310 integrae
810 1245 979 1309 legioni
999 1246 1228 1308 opposuit.
1247 1247 1430 1308 Quibus

135 1321 256 1371 haud
285 1338 450 1385 magno
476 1319 720 1368 certamine
744 1318 847 1366 fufis
861 1356 877 1378 ,
898 1318 1054 1366 hastati
1074 1319 1265 1383 legionis
1285 1323 1430 1369 unde·-

136 1397 267 1447 cimae
297 1393 576 1459 conglobant
595 1393 708 1453 sese,
728 1405 863 1458 atque
890 1393 1156 1455 elephantos
1182 1392 1269 1456 jam
1296 1395 1429 1458 pedi-

135 1481 232 1519 tum
263 1469 404 1517 aciem
437 1468 670 1515 turbantes
700 1466 934 1515 invadunt.
972 1466 1018 1513 in
1052 1483 1168 1529 quos
1199 1484 1302 1515 cum
1335 1468 1427 1530 pila

137 1542 374 1592 confertos
393 1541 711 1601 coniecissent,
737 1540 863 1588 nullo
885 1539 1024 1587 ferme
1051 1538 1211 1587 frustra
1237 1541 1392 1590 emisso
1408 1579 1427 1600 ‚

137 1632 298 1663 omnes
325 1625 447 1661 retro
466 1613 512 1660 in
536 1613 678 1661 aciem
706 1613 890 1661 suorum
923 1623 1431 1677 averterunttquatuor

134 1687 312 1751 gravati
341 1686 606 1734 vulneribus
638 1697 923 1735 corruerunt.
962 1685 1082 1732 Tum
1115 1684 1259 1748 prima
1295 1702 1427 1734 com-

132 1771 257 1806 mota
290 1758 485 1806 hostium
512 1759 651 1817 acies,
682 1758 812 1806 fimul
846 1758 1060 1805 omnibus
1089 1757 1341 1822 peditibus,
1372 1769 1427 1806 ut

133 1831 317 1881 aversos
339 1831 496 1879 videre
520 1832 813 1894 elephantos,
841 1833 898 1879 ad
927 1832 1181 1897 augendum
1202 1847 1424 1894 pavorem

132 1923 186 1953 ac
219 1907 461 1954 tumultum
495 1906 658 1956 effusis.
702 1907 799 1965 sed,
834 1909 983 1955 donec
1017 1906 1136 1954 stetit
1166 1917 1270 1953 ante
1301 1905 1423 1970 ligna

131 1982 294 2043 Mago,
315 1981 499 2042 gradum
530 1979 686 2027 sensim
713 1981 957 2028 referentes
986 1979 1195 2035 ordines,
1213 1991 1422 2027 tenorem
1444 2027 1448 2029 ,

132 2070 296 2118 pugnce
313 2054 550 2102 servabant
558 2070 573 2111 3
589 2055 827 2119 postquam
846 2053 1010 2102 femine
1027 2052 1243 2101 transfixo
1262 2053 1422 2101 caden-

131 2134 250 2184 tem,
271 2124 525 2189 auferrique
555 2142 613 2171 ex
637 2125 807 2188 proelio
835 2142 979 2189 prope
996 2124 1261 2190 exsanguem
1291 2124 1422 2172 vide-

130 2211 205 2256 re,
236 2198 470 2261 extemplo
506 2197 553 2244 in
587 2197 736 2261 fugam
769 2214 929 2247 omnes
961 2197 1092 2246 verfi.
1130 2199 1186 2246 ad
1219 2198 1420 2262 quinque

131 2268 273 2317 millia
301 2270 497 2318 hostium
525 2286 582 2318 eo
613 2270 685 2318 die
711 2271 846 2329 caesa,
868 2272 919 2319 &
943 2262 1064 2335 ligna
1094 2270 1301 2318 militaria
1323 2270 1419 2316 duo

131 2343 184 2390 δε
213 2343 379 2407 viginti
406 2355 550 2405 capta.
583 2343 682 2391 Nec
715 2343 932 2392 Romanis
960 2343 1195 2392 incruenta
1225 2341 1420 2391 vidoria

128 2411 247 2460 fuit:
277 2414 370 2460 duo
399 2414 539 2462 millia
568 2415 620 2463 &
646 2413 838 2462 trecenti
864 2415 919 2461 de
946 2415 1150 2468 exercitu
1179 2413 1419 2478 praetoris,

124 2499 231 2547 «pars
261 2485 409 2538 multo
439 2485 636 2537 maxima
657 2501 714 2536 ex
735 2484 917 2553 legione
949 2486 1243 2547 duodecima,
1265 2483 1423 2548 amiffi.
