1592 2724
236 182 784 230 HISTORIARUM
819 185 940 230 LIB.
975 186 1197 232 XXXIV.
1270 203 1362 245 41¹

85 300 184 334 tero
206 300 351 334 morte
377 287 692 335 vindicaverat
706 323 721 346 ‚
741 305 913 350 capere.
949 291 1000 336 ὃς
1025 291 1200 352 pactus,
1220 302 1269 337 ut
1290 292 1368 338 ab·

84 360 246 407 ducere
274 360 378 407 inde
408 359 601 419 milites,
627 376 745 422 quos
777 360 969 422 praefidii
1003 361 1127 408 causa
1152 363 1368 421 habebat‚

81 432 267 492 liceret,
296 433 474 479 tradidit
501 431 719 493 Quinctio
757 432 927 478 urbem.
964 433 1223 497 Priusquam
1256 438 1364 499 Gy-

79 505 222 553 thium
252 507 527 563 traderetur,
547 504 856 569 Pythagoras,
877 504 1111 567 praefectus
1138 507 1267 570 Argis
1292 525 1367 555 re·

2 573 4 583 ’
80 577 236 637 lictus,
263 578 422 625 tradita
452 577 653 626 custodia
679 577 801 625 urbis
820 577 1073 624 Timocrati
1092 579 1335 625 Pellenensi
1352 616 1368 637 ‚

81 668 183 698 cum
207 652 328 699 mille
350 650 637 699 mercenariis
669 651 886 698 militibus
903 687 916 709 ,
937 652 987 698 &
1019 651 1198 699 duobus
1227 653 1367 700 milli-

81 722 163 770 bus
192 724 467 787 Argivorum
483 759 496 782 ‚
517 722 888 770 Lacedaemonem
911 724 967 769 ad
987 723 1140 770 Nabin
1157 725 1301 773 venit.

147 799 304 845 XXX.
324 797 490 852 Nabis,
508 796 617 843 ficut
640 796 788 859 primo
803 797 1002 843 adventu
1016 797 1236 843 Romanae
1257 797 1368 844 clas-

80 871 135 917 fis
159 873 207 918 &
228 870 471 918 traditione
500 870 775 932 oppidorum
805 870 1039 917 maritimae
1065 887 1159 916 orae
1184 882 1367 917 conter-

79 943 192 991 ritus
226 957 346 998 erat,
371 943 462 1001 fic,
497 961 637 1006 parva
674 944 746 1006 spe
779 961 878 991 cum
910 942 1228 1006 acqtlieviss‘et,
1264 945 1367 1007 Gy·-

80 1014 180 1061 thio
207 1015 262 1061 ab
283 1014 370 1062 suis
390 1028 568 1061 retento
585 1052 600 1073 ,
620 1016 856 1079 postquam
881 1015 926 1061 id
948 1031 1135 1079 quoque
1154 1016 1365 1062 traditum

79 1087 301 1133 Romanis
330 1087 506 1133 audivit
525 1088 607 1134 effe
624 1124 639 1145 ‚
656 1105 755 1135 cum
777 1088 831 1134 ab
849 1099 962 1134 terra
981 1124 993 1145 ‚
1013 1087 1226 1134 omnibus
1246 1088 1367 1134 circa

82 1159 284 1205 hostibus
299 1196 312 1218 ,
338 1160 448 1206 nihil
469 1160 559 1222 spei
581 1161 685 1207 esset
699 1197 712 1218 ‚
733 1178 757 1207 a
777 1161 886 1207 mari
907 1177 1090 1224 quoque
1110 1173 1213 1207 toto
1230 1161 1272 1206 se
1294 1161 1368 1207 in-

80 1233 342 1290 terclusum,
363 1235 607 1280 cedendum
635 1234 829 1280 fortunae
846 1246 967 1281 ratus
981 1271 994 1291 ,
1016 1234 1364 1280 caduceatorem

81 1304 275 1367 primum
311 1306 357 1351 in
390 1306 526 1353 castra
557 1307 673 1353 mifit
699 1308 753 1354 ad
786 1305 1145 1369 explorandum,
1173 1306 1206 1352 fi
1238 1319 1364 1369 pate-

81 1390 238 1424 rentur
270 1379 437 1443 legatos
467 1381 522 1426 ad
544 1379 585 1426 se
615 1380 748 1427 mitti.
785 1397 871 1443 qua
901 1380 1133 1442 impetrata
1168 1395 1243 1437 re,
1272 1379 1364 1442 Py-

80 1449 287 1513 thagoras
321 1453 375 1498 ad
410 1452 729 1516 imperatorem
764 1453 924 1512 venit,
960 1452 1094 1499 nullis
1130 1468 1232 1498 cum
1269 1452 1367 1498 aliis

81 1523 300 1570 mandatis
317 1561 333 1581 ‚
362 1543 497 1589 quam
517 1539 565 1572 ut
586 1539 786 1590 tyranno
817 1524 1024 1588 colloqui
1045 1541 1146 1571 cum
1175 1523 1367 1586 impera-

81 1605 181 1640 tore
217 1595 382 1643 liceret.
414 1599 621 1645 Consilio
647 1600 908 1655 advocato,
942 1614 1043 1644 cum
1069 1612 1227 1643 omnes
1261 1597 1369 1643 dan-

81 1668 188 1714 dum
223 1669 510 1734 colloquium
543 1671 838 1726 censuiffent‚
873 1670 964 1716 dies
998 1668 1217 1733 locusque
1248 1686 1364 1716 con-

81 1741 289 1790 stituitur.
325 1746 374 1790 ln
400 1745 556 1791 mediae
580 1745 777 1809 regionis
807 1744 1037 1799 tumulos,
1061 1743 1253 1790 modicis
1283 1760 1366 1790 co-

81 1813 166 1875 piis
186 1813 468 1878 sequentibus
487 1853 500 1875 ‚
534 1835 637 1865 cum
669 1818 890 1866 venifi'ent
905 1853 919 1875 ,
947 1816 1106 1863 relictis
1127 1815 1191 1862 ibi
1212 1815 1258 1862 in
1280 1816 1365 1863 sta-

82 1887 209 1934 tione
243 1889 477 1953 conspefflz
508 1893 718 1956 utrinque
750 1892 1050 1946 cohortibus,
1080 1890 1222 1938 Nabis
1262 1908 1366 1938 cum

82 1961 260 2009 delectis
288 1964 546 2013 custodibus
568 1967 801 2029 corporis,
827 1965 1069 2026 Quinctius
1098 1981 1199 2011 cum
1229 1964 1363 2012 fratre

82 2034 132 2080 &
160 2037 359 2082 Eumene
387 2054 516 2101 rege,
542 2041 591 2086 ἃ
621 2039 794 2085 Sofilao
821 2039 1033 2096 Rhodio,
1066 2040 1115 2086 Sc
1136 2037 1366 2084 Aristaeno

83 2106 352 2155 Achaeorum
387 2123 616 2172 praetore,
650 2112 933 2178 tribunisque
975 2112 1171 2160 militum
1208 2112 1362 2174 paucis

81 2178 325 2227 descendit.

148 2253 326 2299 XXXI.
358 2253 422 2300 lbi
450 2254 686 2318 permisso,
718 2269 800 2315 ut,
831 2258 903 2304 seu
941 2259 1088 2306 dicere
1112 2259 1262 2322 prius,
1290 2258 1363 2305 seu

82 2326 233 2372 audire
267 2328 449 2387 mallet,
476 2329 536 2375 ita
562 2331 706 2393 coepit
731 2343 983 2395 tyrannus:
1011 2338 1062 2380 Si
1085 2336 1170 2395 ipse
1183 2354 1257 2396 per
1278 2328 1362 2391 md,

87 2402 133 2444 T.
159 2401 358 2460 Quinc‘i‘i,
386 2402 557 2464 vosque,
592 2408 663 2464 qui
697 2407 873 2471 adestis,
904 2408 1072 2468 causam
1098 2412 1329 2469 excogitare
1347 2445 1361 2466 ‚

83 2490 154 2517 cur
178 2477 283 2520 mihi
314 2492 389 2521 auc
415 2476 672 2540 indixiffetis
699 2483 870 2538 bellum,
906 2497 979 2525 auc
1008 2480 1236 2538 infirretis,
1259 2483 1363 2542 pos-
