1592 2724
299 186 856 238 HisTORrARUM
890 185 1014 232 Lm.
1048 182 1224 232 xxxx.
1304 190 1402 247 ης»

119 295 438 359 ινεῐῐῑίιῃεςμιε
473 313 566 342 orae
608 292 806 355 praefecit
843 292 1152 350 Heraclidem,
1187 309 1318 355 quem
1352 293 1403 340 ὅζ

121 381 222 415 ante
247 367 527 430 praefecerat..
548 365 637 428 ipse
659 363 884 411 terrestres
907 364 1058 425 copias
1086 365 1371 426 comparabat
1386 394 1402 417 9

121 459 280 506 magna
306 441 347 487 se
373 441 464 486 duo
491 437 659 485 auxilia
688 434 920 482 detraxisse
942 435 1158 480 Romanis
1191 436 1403 490 credens,

121 531 178 560 ex
199 531 286 560 una
305 525 430 576 parte
448 509 626 558 AEtolos
642 544 653 565 ‚
674 525 729 554 ex
756 507 893 553 altera
912 506 1178 564 Dardanos,
1200 506 1402 554 faucibus

122 586 178 632 ad
204 583 488 648 Pelagoniam
517 599 542 627 a
571 579 679 626 filio,
706 578 865 625 Perseo
894 578 1153 624 interclusis.
1186 579 1253 624 Ab
1286 595 1402 624 con-

91 659 99 666 ’
123 657 216 704 sule
235 673 330 703 non
353 654 614 718 parabatur,
643 651 716 697 sed
740 650 974 714 gerebatur
999 649 1086 711 jam
1114 650 1296 696 bellum.
1323 666 1402 711 per

124 729 487 779 Dassaretiorum*
513 725 623 773 fines
660 723 907 771 exercitum
946 723 1164 781 ducebat,
1198 723 1403 770 frumen-

123 817 217 852 tum
233 841 245 861 ,
266 803 390 867 quod
414 819 470 848 ex
484 799 682 847 hibernis
701 798 941 856 extulerat,
963 798 1182 861 integrum
1203 798 1400 854 vehen53

123 879 251 942 quod
278 878 323 923 in
354 877 481 923 usum
505 874 639 921 militi
662 873 763 920 satis
787 873 918 928 effet,
944 872 1244 934 praebentibus
1270 871 1409 935 agris..

124 949 309 1014 Oppida
332 948 514 1010 vicique
542 945 703 1009 partim
730 944 990 1001 voluntate,
1020 944 1179 1005 partim
1206 955 1328 990 metu
1359 941 1402 988 se

124 1023 368 1070 tradebant.
404 1020 606 1083 quaedam
625 1017 675 1065 vi
693 1028 970 1080 expugnata,
988 1016 1188 1078 quaedam
1211 1015 1402 1070 deserta,

123 1097 173 1143 in
205 1107 382 1142 montes
411 1092 693 1156 propinquos
727 1088 1051 1151 refugientibus
1081 1088 1301 1147 barbaris,
1330 1089 1403 1135 in-

124 1168 433 1215 veniebantun
455 1165 525 1210 Ad
555 1165 763 1226 Lyncum
783 1161 939 1208 stativa
967 1159 1116 1223 posuit
1148 1177 1290 1224 prope
1312 1161 1402 1209 flu-

125 1256 228 1286 men
253 1241 421 1285 Bevum
442 1253 454 1282 ε
481 1237 584 1282 inde
605 1234 925 1281 frumentatum
955 1234 1072 1282 circa
1102 1235 1263 1282 horrea
1284 1236 1402 1283 Das-

123 1311 384 1358 saretiorum
413 1309 626 1356 mittebat.
649 1307 898 1370 Philippus!
910 1306 1192 1355 consternata
1219 1308 1402 1372 quidem

125 1385 278 1430 omnia
302 1384 444 1441 circa,
463 1398 773 1446 pavoremque
801 1381 1028 1444 ingentem
1047 1381 1282 1428 hominum
1305 1399 1404 1428 cer-

125 1455 258 1502 nebat
288 1473 299 1502 :
336 1454 406 1501 sed
439 1470 594 1518 parum
632 1469 823 1515 gnarus,
855 1468 988 1514 quam
1027 1464 1200 1514 partem
1233 1453 1404 1514 petiffet

127 1527 307 1586 consul,
344 1528 457 1575 alam
486 1526 688 1590 equitum
727 1526 780 1572 ad
814 1525 1170 1587 explorandum,
1201 1541 1403 1588 quonam

126 1600 274 1647 hostes
295 1600 377 1647 iter
403 1599 705 1652 intendissent,
723 1597 853 1644 mifit.
872 1597 992 1643 Idem
1009 1613 1134 1642 error
1154 1597 1270 1658 apud
1289 1613 1404 1643 con·
1429 1624 1433 1632 ·

126 1674 265 1720 sulem
282 1685 388 1721 erat.
408 1671 599 1720 Movifi'e
617 1688 671 1717 ex
691 1670 886 1717 hibernis
905 1686 1055 1733 regem
1069 1669 1255 1726 sciebat,
1271 1685 1405 1732 quam

126 1747 357 1808 regionem
390 1745 560 1808 petiffet
587 1743 811 1807 ignorans.
856 1742 892 1788 is
929 1758 1109 1806 quoque
1133 1741 1405 1803 speculatum

127 1819 303 1865 miserat
331 1819 515 1881 equites,
541 1819 624 1863 Hae
644 1817 743 1862 duae
765 1816 845 1862 alae
867 1832 923 1862 ex
957 1814 1167 1873 diverso,
1192 1832 1292 1862 cum
1326 1817 1403 1863 diu

126 1892 309 1939 incertis
346 1892 577 1939 itineribus
609 1903 784 1954 vagatae
814 1907 894 1952 per
929 1889 1203 1936 Dassaretios
1237 1889 1403 1948 effent,

126 1967 306 2013 tandem
324 1967 371 2012 in
388 1984 527 2013 unum
549 1966 635 2013 iter
651 1976 980 2013 convenerunt.
1007 1965 1050 2010 N
1055 1976 1203 2010 eutros
1220 1962 1405 2023 fefellit,

128 2050 179 2085 ut
207 2037 406 2084 fremitus
429 2038 586 2099 procul
611 2038 849 2084 hominum
877 2052 1185 2099 equorumque
1213 2036 1402 2082 exaudi—

128 2123 204 2157 tus
233 2109 321 2165 est,
343 2109 490 2155 hostes
516 2110 895 2172 appropinquare„
924 2110 1075 2173 Itaque
1100 2109 1251 2171 prius,
1267 2124 1403 2171 quam

128 2182 177 2228 in
201 2180 493 2243 conspefihim
512 2181 744 2239 venirent,
772 2197 915 2244 equos
955 2197 1162 2243 armaque
1194 2180 1404 2243 expedie-

128 2270 246 2300 rant³>
275 2270 357 2300 nec
384 2270 511 2300 mora
528 2289 542 2309 ‚
558 2252 638 2298 ubi
667 2254 860 2315 primum
886 2253 1057 2300 hostem
1081 2253 1258 2310 videre,
1287 2269 1402 2299 conv·

129 2326 338 2374 currendi
366 2325 475 2372 faeta
495 2325 580 2372 est„
601 2327 801 2374 Forte&
823 2342 1013 2372 nurnero
1036 2327 1085 2372 &
1111 2325 1278 2371 virtute
1295 2358 1309 2381 ‚
1329 2338 1403 2370 ut-

131 2413 239 2463 pote
255 2401 355 2448 leffi
373 2402 578 2464 utrinque
590 2437 603 2458 ‚
619 2401 737 2447 haud
754 2400 941 2463 impares
954 2436 967 2457 ,
982 2398 1119 2462 aequis
1136 2398 1307 2445 viribus
1326 2415 1404 2460 per

135 2473 310 2536 aliquot
334 2473 467 2521 horas
498 2483 764 2536 pugnarunt,
789 2470 1005 2535 'fatigatio
1037 2468 1235 2529 ipsorum
1260 2485 1411 2533 equo*

1041 2542 1147 2604 <23
