1592 2724
176 131 269 191 284
534 127 1106 175 TITILIVII

176 235 414 285 incondita
440 234 711 296 inermisque
729 233 972 281 multitudo
988 269 1000 288 ‚
1022 232 1159 279 mixta
1180 231 1347 279 imbelli
1369 248 1464 280 tur-

173 313 228 359 ba
250 346 263 368 ,
291 311 347 357 ab
375 309 553 356 armatis
585 307 693 354 caesa
728 307 801 354 est.
837 305 1003 369 Xyniae
1034 305 1216 351 desertae
1237 307 1463 368 diripiun-

173 397 261 430 tur.
297 382 510 447 Cyphara
540 381 643 427 inde
666 380 805 427 AEtoli
832 379 1043 442 capiunt,
1075 393 1335 441 opportune
1359 382 1464 426 Do-

174 457 312 519 lopiae
347 455 587 501 imminens
622 453 865 500 castellum.
903 454 1007 498 Haec
1033 452 1192 514 raptim
1216 452 1329 499 intra
1353 469 1465 514 pau-

176 545 256 576 cos
294 528 385 574 dies
418 528 472 574 ab
505 526 667 574 AEtolis
702 526 831 587 gesta.
877 527 969 571 Nec
1004 526 1300 588 Amynander
1329 539 1462 585 atque

172 601 443 649 ,Athamanes
460 636 475 656 ,
497 599 597 661 post
618 598 778 645 famam
797 597 1018 662 prosperae
1042 617 1205 663 pugnae
1226 601 1464 647 Romano-

174 691 298 727 rum,
328 687 618 733 qmeverunt.

238 747 364 792 XIV.
400 744 615 790 Ceterum
645 743 965 808 Amynander,
993 743 1099 806 quia
1124 743 1205 791 suo
1230 743 1359 791 militi
1385 753 1467 806 pai

174 837 273 866 rum
314 816 504 873 fidebat,
542 817 686 880 petito
714 817 768 864 ab
795 816 974 865 consule
1006 818 1193 864 modico
1226 818 1467 879 praesidio,

175 909 279 940 cum
308 890 552 952 Gomphos
575 903 774 951 peteret,
806 891 1018 953 oppidum
1048 890 1255 952 protinus
1280 891 1467 935 nomine

175 966 391 1022 Phecam,
426 962 553 1008 situm
587 963 703 1008 inter
723 963 960 1025 Gomphos
983 962 1215 1025 faucesque
1235 962 1489 1025 angustas‚'

176 1054 277 1099 quae
308 1035 363 1082 ab
384 1034 650 1081 Athamania
678 1036 942 1082 Thessaliam
970 1036 1217 1092 dirimunt,
1253 1034 1295 1079 vi
1332 1034 1468 1096 cepit.

177 1109 282 1156 inde
309 1108 551 1170 Gomphos
584 1108 769 1155 adortus
785 1146 795 1164 ‚
818 1110 864 1154 δέ
885 1126 962 1171 per
987 1109 1161 1171 aliquot
1185 1108 1277 1155 dies
1299 1107 1468 1153 stimma

176 1183 227 1230 vi
256 1181 413 1228 urbem
446 1192 623 1228 tuentes
640 1217 653 1237 ‚
686 1199 787 1227 cum
821 1180 950 1228 scalas
973 1181 1026 1227 ad
1050 1181 1218 1227 moenia
1242 1179 1470 1235 erexifl'et‚

177 1254 339 1300 eodem
373 1264 494 1298 metu
520 1253 715 1315 perpulit
738 1254 791 1299 ad
821 1254 1105 1299 deditionem.
1147 1255 1254 1299 Haec
1286 1250 1470 1297 traditio

178 1328 508 1389 Gomphorum
544 1328 771 1391 ingentem
807 1344 1023 1376 terrorem
1059 1328 1274 1374 Thessalis
1302 1325 1472 1372 intulit,

177 1400 386 1446 dedidere
417 1400 627 1463 deinceps
660 1400 744 1446 sese
762 1437 775 1458 ‚
808 1401 883 1464 qui
907 1408 1099 1464 Argenta
1121 1437 1134 1458 ‚
1158 1401 1337 1463 ,quique
1359 1398 1472 1444 Phe-

144 1477 152 1482 “
177 1473 354 1529 tinum,
388 1473 435 1518 &
454 1473 715 1520 Thimarum
731 1509 744 1531 ,
766 1476 813 1520 ἃ
831 1474 1020 1529 Lifinas‚
1044 1477 1091 1521 δε
1119 1473 1367 1518 Stimonem
1387 1507 1401 1529 ‚
1420 1474 1472 1519 &

177 1545 417 1608 Lampsum
449 1545 645 1603 habent,
678 1547 850 1611 aliaque
882 1549 1048 1594 castella
1079 1546 1204 1608 juxta
1235 1545 1472 1609 ignobilia.

178 1621 306 1667 Dum
334 1619 602 1665 Athamanes
628 1620 889 1683 AEtolique‚
920 1621 1130 1666 submoto
1163 1619 1473 1665 Macedonum

178 1705 324 1745 metu,
340 1692 386 1737 in
407 1692 549 1738 aliena
567 1691 755 1738 vifloria
777 1692 893 1740 suam
914 1694 1108 1756 praedam
1128 1691 1318 1747 faciunt,
1332 1689 1472 1736 Thes-

177 1763 371 1826 saliaque
401 1781 425 1809 a
462 1763 602 1810 tribus
632 1763 760 1809 simul
799 1765 1097 1822 exercitibus,
1130 1764 1299 1809 incerta
1336 1779 1473 1825 quem

177 1836 353 1883 hostem
375 1872 388 1893 ‚
418 1853 612 1900 quemve
634 1836 803 1883 socium
833 1838 1055 1895 crederet,
1088 1836 1319 1891 vastatum
1356 1846 1474 1883 con-5

179 1910 244 1956 sul
281 1910 483 1957 faucibus
500 1946 514 1967 ,
545 1927 654 1973 quas
681 1909 783 1973 fuga
806 1908 1000 1956 hostium
1032 1922 1295 1969 aperuerat,
1329 1908 1374 1954 in
1398 1925 1470 1954 re-

179 1983 362 2047 gionem
395 1983 518 2044 Epiri
548 1982 832 2045 transgressus
849 2017 863 2039 ‚
883 1981 958 2027 etfi
980 1983 1123 2043 probe
1146 1981 1227 2027 scit
1243 2017 1257 2039 ‚
1279 1980 1350 2027 cui
1372 1996 1473 2041 par-

178 2057 247 2115 ti,
274 2056 494 2118 Charopo
525 2055 730 2117 principe
761 2068 984 2115 exceptO,
1018 2054 1218 2115 Epirotae
1238 2052 1472 2109 saviffent3

179 2140 359 2186 tamen,
390 2127 494 2190 quia
514 2128 567 2173 ab
598 2126 893 2173 satisfaciendi
914 2143 1099 2189 quoque
1129 2143 1230 2173 cura
1255 2125 1473 2187 imperata

182 2202 302 2250 enise
338 2201 485 2248 facere
518 2201 676 2259 videt,
709 2218 763 2247 ex
789 2201 990 2263 praesenti
1022 2217 1101 2247 eos
1129 2201 1307 2262 potius,
1338 2215 1473 2260 quam

184 2292 243 2322 ex
279 2274 512 2338 praeterito
532 2310 546 2332 ‚
584 2273 769 2320 aestimat
799 2274 981 2329 habitu,
1008 2275 1057 2319 &
1083 2289 1133 2318 ea
1150 2271 1239 2333 ipsa
1260 2269 1472 2316 facilitate

184 2347 335 2394 veniae
354 2346 530 2394 animos
550 2362 708 2392 eorum
737 2346 784 2392 in
817 2344 1046 2407 posterum
1076 2343 1304 2390 conciliat.
1331 2340 1472 2387 Mizfis

183 2420 344 2469 deinde
379 2419 551 2472 nuntiis
586 2420 879 2485 Corcyram,
918 2430 969 2466 ut
998 2417 1218 2466 onerariae
1251 2430 1391 2466 naves
1422 2413 1474 2462 in.
