1592 2724
240 167 785 214 HisTomARUM
830 166 959 213 ΜΒ.
993 166 1213 212 xxxiv.
1300 179 1388 226 423

111 287 183 324 tos
214 274 479 338 pervenire,
506 276 556 321 δε
575 273 752 320 flamma
784 272 871 319 late
891 271 1044 329 fundi,
1071 271 1223 319 fumus
1249 284 1396 319 terro-

110 363 203 394 rem
234 347 367 394 etiam
393 345 610 405 majorem
630 382 642 403 ‚
671 362 804 408 quam
825 345 1072 407 periculum
1091 380 1105 404 ‚
1126 344 1286 392 facere.
1309 347 1396 391 Ita-

107 437 197 483 que
226 422 275 468 &
306 419 384 482 qui
413 431 541 466 extra
573 419 731 465 urbem
767 429 888 464 erant
919 418 1266 477 Romanorum,
1297 431 1396 465 tum

109 493 306 539 maxime
332 492 528 554 impetus
562 490 807 548 facientes,
838 489 1048 535 receffere
1075 506 1099 535 a
1129 507 1287 536 muro:
1321 491 1395 548 &,

108 565 190 629 qui
222 564 309 625 jam
336 565 647 621 intraverant,
676 580 730 609 ne
755 563 967 609 incendio
997 563 1052 609 ab
1072 575 1198 626 tergo
1220 563 1395 609 oriente

110 637 515 684 intercluderentur
544 637 599 682 ab
624 636 731 693 suis,
757 650 1022 698 receperunt
1044 635 1143 684 sese.
1175 637 1224 682 &
1246 636 1396 695 Quin-

112 709 250 769 eiius,
270 709 503 773 postquam
518 745 532 765 ,
562 710 671 772 quid
692 709 753 755 rei
775 709 905 766 esset,
930 708 1071 766 vidit,
1098 708 1296 770 receptui
1320 724 1396 754 ca-

110 800 217 830 nere
241 782 370 845 jussit.
392 783 454 828 ita
482 781 568 843 jam
587 799 609 828 a
628 796 754 845 capta
776 800 919 846 prope
940 783 1049 829 urbe
1066 782 1271 831 revocati
1292 782 1396 829 red·

110 857 259 904 ierunt
287 857 333 902 in
357 856 509 903 castra.

178 933 275 977 XL.
300 930 542 989 Quintstius
563 928 663 991 plus
681 946 737 976 ex
756 930 919 976 timore
942 929 1136 977 hostium
1150 966 1163 987 ‚
1184 947 1316 993 quam
1339 946 1396 976 ex

110 1019 157 1049 re
176 1003 293 1065 ipsa,
320 1002 410 1064 spei
438 1003 588 1049 nactus
604 1039 617 1059 ,
644 1019 722 1064 per
747 1003 944 1049 triduum
964 1002 1199 1066 insequens
1219 1003 1394 1049 territa-

111 1075 180 1123 vit
198 1091 299 1129 eos3
321 1091 442 1120 nunc
461 1074 634 1136 proeliis
653 1075 901 1120 lacessendo
914 1111 927 1132 ‚
950 1092 1070 1121 nunc
1088 1075 1304 1137 operibus
1322 1075 1395 1121 in-

111 1146 393 1209 tersepiendo
416 1147 618 1210 quaedam
637 1165 649 1202 ;
680 1164 734 1193 ne
759 1147 904 1193 exitus
922 1149 976 1195 ad
997 1147 1147 1210 fugam
1168 1147 1285 1193 effer.
1313 1147 1396 1195 His

112 1219 544 1265 comminationibus
566 1220 825 1282 compulsus
849 1232 1069 1284 tyrannus
1091 1220 1394 1283 Pythagoram

110 1292 258 1338 rursus
281 1304 508 1339 oratorem
527 1293 665 1349 misit,
688 1311 818 1356 quem
835 1293 1073 1354 Quinctius
1089 1294 1237 1356 primo
1252 1294 1394 1357 asper-

113 1377 268 1413 natum
310 1368 526 1414 excedere
562 1367 714 1414 castris
753 1366 883 1428 juflit.
940 1367 1099 1414 deinde
1137 1367 1396 1430 suppliciter

110 1452 317 1486 orantem
333 1476 346 1497 ‚
372 1440 729 1502 advolutumque
756 1439 967 1502 genibus,
998 1439 1177 1486 tandem
1202 1440 1392 1489 audivit.

110 1513 254 1560 Prima
280 1514 430 1560 oratio
459 1514 545 1560 fuit
577 1514 729 1560 omnia
760 1514 1057 1577 permittentis
1085 1513 1273 1560 arbitrio
1293 1515 1395 1560 Ro-

109 1603 377 1632 manorum:
406 1586 507 1632 dein
524 1622 537 1644 ‚
565 1603 666 1633 cum
688 1604 737 1632 ea
756 1587 884 1633 velut
908 1604 1024 1633 vana
1053 1588 1102 1634 δι
1122 1586 1213 1633 fine
1234 1586 1394 1633 effeciu

112 1657 225 1703 nihil
250 1656 552 1720 proficerent,
582 1674 638 1704 eo
669 1658 853 1704 deducia
883 1675 952 1703 res
984 1657 1073 1715 est,
1099 1670 1150 1704 ut
1178 1658 1246 1704 his
1277 1674 1391 1704 con·

111 1727 387 1785 ditionibus,
418 1746 519 1791 quae
545 1746 600 1776 ex
621 1729 785 1791 scripto
809 1730 961 1791 paucis
988 1740 1090 1775 ante
1120 1729 1275 1775 diebus
1296 1729 1393 1774 edi-

110 1817 168 1846 tae
199 1814 324 1847 erant
343 1837 357 1857 ,
385 1801 577 1848 incluciae
605 1800 791 1847 fierent:
827 1802 1108 1865 pecuniaque
1137 1802 1187 1849 &
1219 1802 1394 1848 obfides

109 1875 294 1937 accepti.
330 1876 454 1921 Dum
476 1887 765 1938 oppugnatur
789 1887 1038 1939 tyrannus,
1074 1875 1256 1939 Argivi,
1273 1876 1393 1922 n'un-

108 1947 182 1994 tiis
205 1947 300 1993 aliis
321 1964 461 2009 prope
487 1948 615 2010 super
641 1948 754 1994 alios
775 1948 1082 2007 afferentibus,
1101 1961 1272 1995 tantum
1296 1965 1392 1996 non

109 2018 195 2081 jam
215 2031 388 2083 captam
403 2011 772 2066 Lacedaemonem
789 2019 872 2065 effe
887 2055 899 2077 ‚
917 2021 1049 2067 erecti
1069 2022 1116 2068 &
1137 2020 1216 2083 ipfi
1230 2053 1243 2077 ‚
1261 2021 1392 2072 simul

111 2107 167 2137 eo
195 2091 319 2153 quod
350 2091 629 2154 Pythagoras
652 2107 754 2136 cum
783 2103 907 2154 parte
924 2092 1185 2140 validiffima
1203 2092 1395 2155 praesidii

112 2163 377 2220 excesserat,
413 2175 638 2209 contemta
665 2164 887 2225 paucitate
914 2181 1100 2222 eorum,
1131 2166 1208 2228 qui
1229 2165 1273 2211 in
1292 2181 1393 2212 arce

111 2245 260 2290 erant,
290 2234 402 2280 duce
423 2233 655 2296 Archippo
676 2236 870 2298 quodam
886 2272 900 2294 ,
929 2237 1182 2300 praesidium
1205 2238 1392 2299 expule-

110 2321 227 2352 runt.
243 2306 549 2373 Timocratem
566 2307 863 2354 Pellenensem
875 2345 888 2366 ‚
904 2310 1008 2372 quia
1024 2311 1267 2357 clementer
1282 2319 1393 2373 prae'·

111 2377 253 2424 fuerat
274 2414 286 2435 ,
323 2378 483 2426 vivum
523 2378 609 2425 fide
649 2380 749 2426 data
785 2381 1041 2429 emiserunt.
1076 2383 1193 2430 Huic
1227 2384 1394 2432 laetitiae

112 2450 354 2509 Quinctius
383 2450 674 2514 supervenit,
704 2469 814 2515 pace
845 2453 944 2501 data
977 2468 1179 2518 tyranno
1199 2490 1213 2513 ‚
1239 2456 1389 2503 dimis-

978 2529 1137 2589 Dd4
