1592 2724
216 148 308 197 290
577 130 1144 177 T1T1L1V11

215 237 423 293 abibant3
446 236 494 284 &
514 236 777 304 exraclverso
796 237 1156 299 Peloponnesum
1177 237 1341 301 exiguo
1363 235 1495 284 maris

215 309 358 374 spatio
380 308 565 356 divisum
582 345 595 369 ,
616 309 672 356 ab
693 323 821 372 tergo
845 308 1058 356 AEtoliam
1080 309 1462 369 Acarnaniamque
1477 342 1492 366 ‚

211 385 270 430 ab
290 382 498 429 lateribus
525 382 759 428 Locridem
791 399 843 430 ac
870 381 1095 429 Boeotiam
1113 382 1348 428 habebant.
1370 383 1492 428 Pho·

214 455 326 503 cidis
345 455 491 519 primo
513 455 681 517 impetu
700 456 968 503 Phanoteam
993 454 1082 502 sine
1102 455 1343 503 certamine
1361 455 1495 517 cepit.

213 528 440 591 Anticyra
476 526 591 572 haud
638 527 830 573 multum
870 527 918 573 in
954 527 1263 589 oppugnando
1304 526 1495 588 praebuit

211 615 370 646 morae.
386 596 634 661 Ambrysus
651 598 754 645 inzle
773 599 1132 664 Hyampolisqtte
1151 601 1493 662 receptae.Dat1-

211 674 267 721 lis
281 708 295 730 ‚
315 671 418 734 quia
438 672 483 717 in
511 671 688 718 tumulo
713 673 889 720 excelso
920 675 997 720 {ita
1016 675 1076 720 est
1092 710 1106 733 ,
1126 691 1208 721 nec
1239 673 1390 732 scalis,
1409 687 1495 718 nec

210 744 428 809 operibus
461 743 558 805 capi
598 756 788 807 poterat.
834 746 1081 793 lacessendo
1121 747 1354 793 missilibus
1386 761 1494 803 eos,

211 819 293 883 qui
322 818 367 864 in
389 816 595 880 praefidio
613 832 767 878 crant,
790 838 890 867 cum
918 821 974 866 ad
1001 822 1288 868 excursiones
1319 817 1496 866 elicuis-

210 891 336 948 sent‚
368 888 633 953 refugiendo
666 890 862 939 invicem
890 892 1284 956 insequendoque,
1303 893 1352 940 &
1381 890 1496 938 levi-

211 965 297 1013 bus
331 963 419 1010 fine
456 957 614 1010 effeclu
651 965 997 1031 certaminibus,
1032 982 1089 1012 eo
1130 965 1411 1029 negligentiae
1445 966 1497 1012 &

211 1048 472 1085 contemtus
491 1038 796 1097 adduxerunt,
809 1051 859 1086 ut
876 1056 976 1087 cum
992 1039 1311 1103 refugientibus
1328 1038 1373 1084 in
1390 1053 1498 1100 por-

212 1123 304 1157 tam
329 1109 539 1172 permixti
573 1110 788 1172 impetum
820 1112 1017 1159 Romani
1048 1112 1261 1160 facerent.
1296 1112 1382 1158 Sex
1414 1109 1498 1156 alia

213 1184 435 1248 ignobilia
456 1182 630 1230 castella
650 1184 859 1232 Phocidis
888 1196 1058 1232 terrore
1088 1186 1224 1248 magis
1239 1221 1253 1243 ‚
1273 1201 1404 1248 quam
1424 1199 1499 1229 ar-

213 1257 326 1315 mis,
348 1256 390 1303 in
416 1255 675 1318 potestatem
701 1271 938 1305 venerunt.
970 1258 1111 1304 Elatia
1132 1258 1284 1305 clausit
1312 1269 1462 1319 portas
1483 1272 1495 1301 :

215 1344 300 1374 nec
316 1364 328 1386 ‚
353 1327 432 1373 nisi
460 1327 508 1374 vi
529 1341 830 1390 cogerentur,
857 1330 1078 1391 recepturi
1109 1330 1336 1376 moenibus
1364 1329 1496 1377 vide-

215 1401 380 1447 bantur
398 1410 474 1446 aut
502 1400 664 1445 ducem
681 1436 694 1457 ,
718 1413 791 1446 aut
809 1401 1055 1448 exercitum
1078 1403 1352 1448 Romanum.

281 1472 411 1518 XIX.
440 1470 625 1517 Elatiam
653 1471 874 1518 obsidenti
905 1472 1080 1519 consuli
1109 1472 1173 1518 rei
1197 1471 1377 1533 majoris
1402 1471 1500 1534 spes

216 1545 406 1602 affulsit,
442 1543 712 1591 Achaeorum
748 1557 925 1609 gentem
952 1547 1013 1591 -ab
1048 1545 1257 1592 societate
1289 1545 1406 1608 regia
1443 1545 1500 1591 ad

216 1619 471 1665 Romanam
493 1616 732 1663 amicitiam
753 1615 999 1664 avertendi.
1021 1616 1313 1680 Cycliadam,
1333 1615 1499 1677 princi·-

216 1707 321 1752 pem
344 1688 549 1736 factionis
579 1688 632 1735 ad
661 1688 915 1752 Philippum
944 1689 1213 1735 trahentium
1242 1706 1339 1746 res,
1360 1705 1498 1751 expu-

218 1764 376 1810 lerant.
400 1760 668 1819 Aristaenus‚
697 1760 775 1824 qui
803 1762 1020 1807 Romanis
1049 1774 1227 1824 gentem
1257 1759 1383 1824 jungi
1414 1777 1500 1807 vo-

219 1836 360 1892 lebat,
380 1846 549 1897 praetor
579 1846 685 1881 erat.
713 1834 867 1883 Claffis
893 1835 1097 1880 Romana
1131 1851 1232 1880 cum
1264 1835 1417 1880 Attalo
1449 1835 1501 1881 δε

219 1909 412 1955 Rhodiis
448 1907 696 1954 Cenchreis
728 1907 892 1965 stabat,
927 1906 1226 1969 parabantque
1267 1907 1500 1954 communi

221 1997 379 2026 omnes
411 1980 603 2026 confflio
636 1979 914 2028 Corinthum
939 1995 1216 2041 oppugnare.
1258 1978 1499 2041 Optimum

220 2052 356 2114 igitur
372 2065 492 2097 ratus
511 2050 572 2096 est
587 2083 600 2106 ‚
624 2051 875 2113 priusquam
895 2067 990 2097 eam
1016 2067 1109 2096 rem
1127 2050 1498 2114 aggrederentur,

220 2125 392 2189 legatos
411 2126 463 2171 ad
484 2138 659 2188 gentem
685 2125 952 2170 Achaeorum
976 2123 1123 2182 mitti,
1144 2123 1408 2186 pollicentes
1423 2159 1436 2181 ‚
1467 2124 1497 2169 fi

215 2198 273 2244 ab
292 2214 393 2260 rege
409 2198 465 2243 ad
479 2199 714 2243 Romanos
733 2197 1010 2254 defeciss'ent,
1023 2197 1293 2244 Corinthum
1314 2197 1367 2243 iis
1388 2213 1499 2242 con-

221 2270 470 2317 tributuros
499 2271 545 2316 in
572 2270 802 2333 antiquum
835 2271 979 2333 gentis
1008 2269 1270 2316 concilium.
1303 2268 1502 2315 Ati&01·e'

222 2340 432 2398 consule,
452 2341 622 2405 legatia
641 2340 771 2386 fratre
791 2340 883 2400 ejus
903 2343 950 2386 L.
974 2340 1194 2399 Quinctio
1208 2375 1221 2398 ,
1241 2341 1290 2386 &
1314 2339 1467 2385 Attalo
1485 2378 1496 2395 ‚

219 2414 271 2462 δὲ
291 2413 506 2474 Rhodiis,
528 2414 576 2462 8<
601 2414 938 2472 Atheniensibus
953 2450 966 2474 ‚
993 2415 1047 2462 ad
1071 2414 1261 2464 Achaeos
1282 2412 1409 2462 miffi.
1428 2413 1491 2460 Si-
