1592 2724
213 202 338 248 T1T1
373 202 471 247 LIV
476 202 512 246 11
543 196 893 245 HISTORIAR.
925 195 1028 240 LIB.
1056 191 1233 240 XXXI.
1303 205 1396 254 207

161 308 218 349 los
235 307 410 349 Insubres
435 304 662 345 rebellantes
691 303 726 342 6<
748 299 1008 341 Hamilcarem
1038 298 1225 346 Poenum,
1250 296 1399 336 bellum

160 373 203 411 in
220 384 262 409 ea
280 378 385 420 parte
402 367 630 407 molientem
643 395 653 412 ‚
670 363 750 402 acie
769 363 877 402 vicit.
901 357 1100 400 Hamilcar
1117 371 1163 396 eo
1177 356 1278 397 bello
1295 358 1401 396 occi-

161 433 221 472 sus
237 432 312 478 est,
330 433 363 470 Sc
385 429 503 468 millia
528 427 731 466 hominum
749 424 904 475 triginta
930 421 1005 460 sex.
1032 421 1212 460 Praeterea
1234 419 1401 469 expedi-

160 495 285 532 tiones
301 491 462 542 Philippi
477 490 576 540 regis
592 491 626 528 ἃ
639 485 798 536 Sulpicii
816 481 1002 529 consulis,
1020 479 1401 532 expugnationesque

161 554 316 593 urbium
338 552 384 591 ab
401 561 561 600 utroque
576 548 714 594 factas,
742 544 925 584 continet.
948 541 1138 592 Sulpicius
1164 539 1317 588 consul,
1334 540 1405 579 ad-

166 615 386 666 juvantibus
409 625 496 663 rege
521 610 650 651 Attalo
677 611 711 649 &
739 606 923 654 Rhodiis,
950 604 1096 645 bellum
1119 603 1285 657 gerebat.
1309 603 1406 645 Tri-

164 677 368 729 umphavit
393 676 441 715 de
457 673 576 714 Gallis
598 673 638 713 L.
660 671 796 712 Furius
818 677 971 720 praetor.

113 891 146 936 Ι.
184 821 356 938 ME
380 900 565 948 quoque
583 881 738 944 juvat,
758 881 887 930 velut
907 880 998 945 ipse
1021 880 1068 928 in
1093 895 1215 945 parte
1234 881 1406 931 laboriS

114 979 167 1008 ac
200 958 389 1023 periculi
421 956 581 1004 fuerim
602 992 616 1013 ‚
652 956 707 1002 ad
738 953 875 1001 finem
903 955 1009 1002 belli
1044 955 1205 1003 Punici
1238 973 1408 1019 perve—

114 1029 238 1077 nisse.
272 1045 376 1075 narn
397 1026 475 1073 etsi
505 1025 706 1088 profiteri
741 1024 893 1071 ausum
911 1061 925 1083 ‚
950 1025 1302 1088 perscripturum
1336 1044 1408 1075 res

117 1119 276 1149 omnes
305 1103 562 1157 Romanas,
595 1098 642 1144 in
663 1098 862 1161 partibus
893 1097 1076 1161 singulis
1106 1097 1220 1144 tanti
1255 1098 1409 1161 operis

117 1173 295 1237 fatigari
326 1172 509 1219 minime
540 1170 818 1226 conveniat3
851 1182 1024 1228 tamen,
1066 1187 1169 1217 cum
1208 1170 1255 1216 in
1279 1188 1412 1217 men<-

118 1260 210 1295 tem
249 1246 405 1303 venit,
435 1257 523 1291 tres
542 1243 837 1305 &sexaginta
869 1258 1014 1288 annos
1034 1240 1135 1305 (tot
1168 1242 1288 1288 enim
1312 1242 1413 1291 sunt

120 1340 144 1369 a
164 1323 312 1385 primo
334 1319 506 1366 Punico
525 1317 578 1364 ad
598 1315 839 1363 secundum
861 1315 1028 1362 bellum
1049 1313 1259 1379 finitum)
1281 1334 1415 1381 aeque

119 1394 260 1441 multa
299 1390 538 1439 volumina
574 1388 812 1451 occupasse
853 1387 995 1444 mihi,
1035 1403 1169 1451 quam
1208 1403 1413 1451 occupa-

119 1467 209 1512 rint
230 1463 546 1528 quadringenti
579 1463 685 1508 οξὶο
713 1462 819 1507 anni
848 1478 873 1507 a
896 1460 1080 1508 condita
1099 1459 1211 1506 urbe
1241 1460 1295 1507 ad
1326 1463 1413 1524 Ap.

115 1537 356 1587 Claudium
384 1535 613 1599 consulem
634 1571 647 1592 ‚
676 1534 754 1598 qui
786 1533 954 1596 primus
974 1532 1141 1579 bellum
1171 1532 1410 1596 Carthagi-

125 1610 350 1657 niensibus
380 1607 563 1663 intulit3
596 1606 684 1667 jam
715 1605 942 1668 provideo
975 1605 1159 1662 anim0‚
1187 1605 1318 1652 velut
1337 1604 1418 1668 qui

128 1682 348 1747 proximis
384 1680 510 1727 litori
546 1679 672 1726 vadis
706 1678 873 1725 inducti
897 1694 1016 1724 mare
1050 1677 1238 1741 pedibus
1270 1677 1421 1741 ingre-

129 1757 347 1812 diuntur,
385 1752 607 1818 quidquid
642 1752 942 1816 progredior,
979 1751 1027 1798 in
1062 1750 1308 1797 vastiorem
1346 1767 1421 1797 me

129 1829 427 1884 altitudinem,
446 1844 498 1875 ac
517 1826 643 1874 velut
661 1824 938 1888 profundum
959 1823 1131 1883 invehi,
1151 1825 1202 1870 ὅ(
1223 1822 1421 1871 crescere

130 1920 257 1968 paene
289 1920 403 1966 opus
417 1939 431 1961 ,
453 1902 579 1965 quod
598 1901 743 1963 prima
762 1916 951 1963 quaeque
974 1898 1254 1962 perficiendo
1273 1897 1420 1946 minui

133 1977 384 2024 videbatur.
416 1978 575 2022 Pacem
610 1973 826 2020 Punicam
862 1972 1030 2018 bellum
1065 1971 1420 2019 Macedonicum

132 2049 338 2111 excepit3
358 2048 561 2111 periculo
581 2047 926 2109 haudquaquam
948 2044 1301 2108 comparandum
1314 2080 1327 2102 ‚
1344 2055 1422 2090 aut

133 2123 302 2171 virtute
322 2121 472 2179 ducis,
492 2132 567 2166 aut
594 2120 787 2166 militum
818 2120 1013 2166 robore:
1046 2118 1245 2165 claritate
1267 2132 1423 2180 regum

135 2194 458 2257 antiquorum,
488 2191 747 2253 vetustaque
775 2191 891 2238 fama
918 2189 1087 2254 gentis,
1120 2191 1169 2237 &
1196 2188 1420 2252 magnitu-

136 2268 241 2314 dine
271 2265 477 2328 imperii,
503 2281 598 2327 quo
628 2265 813 2310 multam
835 2264 1067 2327 quondam
1086 2265 1279 2325 Europae
1294 2297 1307 2319 ‚
1328 2276 1424 2306 ma-

137 2339 282 2403 jorem
308 2351 479 2402 partem
499 2338 610 2384 Afiae
635 2337 926 2383 obtinuerant
943 2336 1074 2384 armis
1091 2373 1104 2393 ‚
1121 2351 1263 2398 prope
1286 2331 1424 2378 nobi-

140 2413 238 2458 lius.
267 2413 479 2458 Ceterum
501 2423 704 2473 coeptum
735 2410 900 2456 bellum
929 2408 1139 2455 adversus
1165 2404 1425 2466 Philippum

145 2485 303 2532 decem
327 2483 466 2531 ferme
498 2495 599 2530 ante
629 2483 755 2528 annis
772 2518 786 2541 ‚
819 2480 1016 2532 triennio
1039 2479 1162 2542 prius
1180 2476 1431 2540 depositum
