1592 2724
325 172 882 220 HISTORIARUM
917 171 1039 218 LIB,
1073 169 1248 218 XXXI.
1324 169 1411 218 261

199 277 361 326 XLVI.
397 277 464 324 lbi
497 277 646 324 reHEta
679 274 838 333 classe,
868 275 1020 322 decem
1053 274 1246 324 navibus
1275 291 1415 338 expe-

129 351 232 400 ditis
265 351 406 398 finum
428 350 665 397 Maliacum
700 348 924 395 intravere
941 382 954 405 ‚
978 348 1032 394 ad
1056 347 1415 412 colloquendum

129 441 235 472 cum
265 423 428 471 AEtolis
462 423 515 469 de
544 421 720 469 ratione
755 420 938 484 gerendi
972 420 1094 468 belli.
1129 419 1414 485 Sipyrrbicas

128 497 307 546 AEtolus
335 496 543 559 princeps
566 493 807 558 legationis
829 492 924 554 ejus
947 492 1028 539 fuit
1044 523 1057 549 ,
1079 509 1177 556 quae
1209 495 1263 539 ad
1287 511 1414 540 com-

127 569 400 618 municanda
433 566 617 615 consiiia
653 565 919 612 Heracleam
953 581 1054 613 cum
1091 581 1191 627 rege
1228 566 1278 612 δε
1309 582 1413 613 cum

127 643 341 690 Romano
362 642 509 705 legato
543 639 684 688 venit.
722 639 913 686 Peritum
937 656 993 686 ex
1028 638 1196 686 foedere
1216 640 1269 685 ab
1287 641 1410 685 Atta-

127 717 176 763 lo
196 716 280 773 est,
318 726 367 761 ut
389 714 510 761 mille
535 713 698 760 milites
718 713 956 776 praestaret.
987 725 1160 760 tantum
1179 713 1298 761 enim
1323 731 1411 761 nu-

127 805 300 836 merum
331 786 498 834 bellum
525 787 780 850 gerentibus
813 785 1023 833 adversus
1052 786 1309 849 Philippum
1334 788 1415 834 de·-

128 860 276 906 bebat.
312 857 361 903 ld
387 869 595 920 negatum
627 856 818 903 AEtolis:
848 858 972 919 quod
1003 856 1067 903 illi
1097 874 1282 921 quoque
1311 876 1412 922 gra-

127 930 224 979 vati
244 929 364 993 prius
391 929 528 975 effent
552 929 606 976 ad
632 928 935 992 populandam
965 929 1281 977 Macedoniam
1312 931 1412 978 exi-

127 1020 199 1062 re,
220 1017 312 1066 quo
333 1013 563 1063 tempore,
581 1001 790 1064 Philippo
822 1000 938 1049 circa
964 1003 1224 1065 Pergamum
1252 1014 1410 1050 urente

127 1076 248 1124 sacra
272 1074 579 1138 profanaque,
600 1074 848 1121 abstrahere
872 1091 971 1121 eum
993 1075 1097 1122 inde
1119 1075 1317 1139 respecstu
1340 1092 1409 1123 re-

128 1166 227 1197 rum
256 1147 432 1194 suarum
465 1145 722 1208 potuissent.
758 1149 820 1193 Ita
852 1147 991 1194 AEtoli
1013 1165 1115 1194 cum
1150 1147 1222 1212 spe
1245 1150 1409 1214 magis,

129 1221 346 1270 Romanis
376 1219 530 1267 omnia
561 1220 918 1283 pollicentibus,
938 1238 1073 1284 quam
1103 1239 1204 1269 cum
1232 1224 1408 1271 auxilio

125 1296 300 1343 dimiffi.
333 1294 541 1358 Apustius
563 1311 663 1342 cum
685 1295 835 1342 Attalo
862 1295 916 1342 ad
940 1295 1118 1343 ciaffem
1134 1297 1276 1344 rediit.
1304 1298 1409 1346 Inde

127 1368 370 1417 consultari
392 1368 444 1414 de
461 1369 589 1415 Oreo
608 1369 916 1433 oppugnando
937 1381 1154 1434 coeptum.
1180 1372 1222 1415 V
1225 1371 1336 1418 alida
1358 1388 1409 1418 ea

126 1443 288 1492 civitas
321 1445 369 1490 &
399 1442 650 1502 moenibus,
683 1446 760 1502 &‚
789 1444 891 1506 quia
921 1457 1022 1492 ante
1054 1445 1198 1492 fuerat
1216 1458 1408 1505 tentata,

124 1517 260 1564 firmo
279 1529 372 1563 erat
391 1516 612 1579 praesidio.
647 1515 995 1577 Conjunxerant
1013 1517 1054 1564 se
1076 1518 1127 1565 iis
1144 1518 1244 1581 post
1265 1536 1410 1582 expuo

123 1588 385 1652 gnationem
403 1589 546 1635 Andri
561 1605 662 1636 cum
682 1588 893 1651 praefe&o
911 1590 1225 1654 Agesimbroto
1244 1591 1408 1655 viginti

127 1660 321 1707 Rhodiae
339 1677 479 1707 naves
491 1697 509 1718 ‚,
539 1662 662 1708 ῐεᾶεε
683 1679 854 1708 omnes.
885 1681 981 1710 eam
999 1665 1169 1711 ciaffem
1189 1666 1234 1711 in
1258 1665 1410 1712 statio-

126 1750 230 1780 nem
261 1733 315 1779 ad
342 1733 558 1780 Zelasium
586 1733 828 1792 miserunt,
850 1734 1065 1796 (Isthmiae
1091 1737 1135 1782 id
1164 1736 1289 1798 super
1308 1738 1408 1783 De-

127 1805 387 1853 metriadem
420 1807 789 1869 promontorium
816 1808 876 1854 est
910 1825 1248 1872 peropportune
1277 1808 1408 1872 obje-

127 1877 275 1941 num)
300 1890 371 1934 ut,
392 1877 423 1923 fi
452 1877 561 1940 quid
589 1878 693 1925 inde
721 1892 964 1926 moverent
995 1882 1296 1929 Macedonum
1329 1899 1409 1930 nae

124 1966 231 2007 ves,
255 1952 301 1995 in
323 1949 527 2011 praefidio
550 1950 700 1997 essent.
728 1952 982 1999 Heraclides
1009 1954 1240 2016 praefeEtus
1263 1956 1408 2017 regius

125 2023 300 2069 classem
320 2021 381 2068 ibi
402 2022 606 2082 tenebat,
630 2023 768 2087 magis
794 2042 871 2088 per
891 2026 1199 2087 occasionem,
1219 2028 1249 2074 fi
1273 2045 1407 2091 quam

127 2095 396 2158 negligentia
417 2093 610 2142 hostium
640 2096 851 2156 dedisset,
868 2115 1000 2162 quam
1026 2112 1173 2162 aperta
1203 2100 1406 2161 viquids-

123 2183 260 2230 qua-m
279 2165 474 2214 ausurus.
501 2169 673 2215 Oreum
698 2169 859 2217 diversi
884 2172 1080 2219 Romani
1108 2175 1157 2220 ὃ(
1178 2189 1257 2220 rex
1277 2175 1406 2218 Atta-

122 2240 193 2287 lus
227 2241 576 2304 oppugnabant:
611 2243 856 2290 Romania
880 2246 1098 2292 maritima
1132 2263 1257 2303 arce,
1294 2241 1407 2307 regii

124 2313 333 2360 adversus
353 2313 516 2359 vallem
540 2314 656 2360 inter
674 2315 781 2366 duas
808 2315 1026 2377 jacentem
1048 2334 1198 2376 arces,
1235 2335 1322 2381 qua
1356 2322 1407 2368 &

123 2401 256 2432 muro
287 2385 521 2448 intersepta
552 2388 656 2435 urbs
688 2388 762 2435 est.
798 2391 848 2437 &
885 2402 935 2436 ut
965 2390 1071 2438 loca
1104 2390 1275 2438 diversa
1294 2427 1308 2448 ,
1347 2392 1408 2439 sic

123 2458 284 2524 dispari
308 2460 447 2509 modo
471 2460 602 2510 etiam
631 2464 979 2528 oppugnabant:
1004 2465 1411 2513 Romanivtestudi-
