1592 2724
213 154 314 214 408·
568 154 1130 204 T1T1L1v11

211 262 259 308 in
292 261 536 309 custodiam
568 262 779 309 tradidit:
817 265 948 311 nocte
972 264 1224 327 insequenti
1257 283 1414 314 omnes
1434 267 1503 313 ins

211 333 398 380 terfeffi.
435 334 646 381 Ilotarum
666 334 825 381 deinde
844 335 1022 398 quidam
1057 337 1139 402 (hi
1157 338 1256 384 sunt
1292 338 1501 398 jaminde

211 405 457 468 antiquitus
496 406 751 465 castellani,
793 407 959 470 agreste
1007 408 1190 473 genus)
1226 410 1502 473 transfugere

211 477 404 527 voluisse
433 477 671 524 infimulati
692 514 704 535 ‚
739 496 817 540 per
840 497 997 527 omnes
1033 480 1165 528 vicos
1199 481 1276 528 sub
1300 483 1502 529 verberi-

212 553 294 601 bus
325 552 408 600 affi
441 564 672 598 necantur.
712 554 801 600 hoc
835 566 1007 600 terrore
1038 555 1359 618 obstupuerant
1387 557 1503 603 mul,

211 626 417 676 titudinis
438 625 577 672 animi
598 626 654 671 ab
676 627 804 672 omni
833 640 1002 674 conatu
1031 646 1262 676 novorum
1288 630 1504 677 confilio-

211 716 326 746 rum.
362 701 479 743 Intra
507 695 784 743 munitiones
814 698 968 760 copias
998 700 1288 758 continebat,
1319 717 1402 748 nec
1421 719 1503 763 pa·-

213 790 309 819 rem
335 772 377 819 se
395 782 515 818 ratus
531 806 544 828 ‚
572 771 603 816 fi
624 770 836 819 dimicare
866 773 960 819 acie
982 774 1150 829 vellet;
1179 777 1228 822 &
1246 775 1399 822 urbem
1432 793 1503 822 re-

213 845 418 908 linquere
433 879 447 903 ,
467 857 559 890 tam
577 842 788 906 suspensis
807 846 858 893 &
877 845 1060 893 incertis
1090 847 1296 894 omnium
1313 849 1471 894 animis
1487 883 1503 907 „

211 931 431 965 metuens.

279 993 493 1039 XXVIII.
529 990 801 1051 Quinffius‚
835 991 934 1040 satis
966 991 1054 1053 jam
1075 992 1285 1040 omnibus
1313 995 1506 1056 paratis3

215 1067 445 1130 profestus
474 1064 530 1111 ab
548 1063 720 1111 stativis
738 1100 751 1122 ‚
783 1065 855 1111 die
875 1065 1017 1112 altero
1049 1067 1102 1111 ad
1122 1065 1337 1113 Sellafiam
1374 1066 1504 1129 super

215 1140 419 1184 OEnunta
455 1135 652 1182 fluvium
685 1136 920 1198 pervenit:
955 1154 1047 1200 quo
1084 1137 1130 1183 in
1165 1138 1273 1184 loco
1307 1139 1503 1202 Antigoa

215 1229 328 1270 nus,
360 1211 665 1258 Macedonum
697 1227 804 1269 rex,
841 1228 944 1258 cum
977 1212 1253 1269 Cleomene,
1291 1213 1503 1259 Lacedae·

214 1283 481 1331 moniorum
510 1294 741 1346 tyranno,
774 1282 906 1345 {ignis
932 1283 1110 1330 collatis
1132 1284 1354 1330 dimicasse
1378 1285 1504 1331 dice-

215 1358 361 1405 batur.
384 1356 513 1413 inde,
534 1374 634 1403 cum
655 1355 837 1402 audisset
852 1356 1075 1403 ascensum
1095 1357 1284 1404 difficilis
1306 1360 1355 1404 &
1375 1360 1504 1405 arctae

217 1432 307 1479 viae
334 1431 417 1478 effe
435 1466 448 1488 ‚
480 1430 611 1477 brevi
639 1447 717 1491 per
733 1442 911 1476 montes
930 1429 1119 1477 circuitu
1141 1431 1395 1492 praemiffis,
1426 1431 1503 1494 qui

217 1505 446 1553 munirent
474 1504 622 1562 viam,
651 1503 744 1550 lato
770 1502 868 1550 satis
898 1504 949 1550 &
978 1503 1146 1565 patenti
1170 1503 1310 1550 limite
1339 1504 1393 1551 ad
1413 1506 1503 1550 Eu·-

217 1592 366 1627 rotam
387 1594 590 1635 amnem,
623 1576 701 1622 sub
731 1576 831 1638 ipsis
856 1593 999 1639 prope
1020 1576 1231 1623 fluentem
1252 1577 1502 1635 moenibus,

218 1655 443 1716 pervenit.
478 1651 556 1697 ubi
575 1649 713 1697 castra
733 1661 949 1696 metantes
968 1650 1200 1695 Romanos
1216 1649 1502 1709 Quinctium-

217 1744 308 1789 que
336 1725 476 1788 ipsum
493 1761 506 1782 ,
528 1741 630 1771 cum
649 1722 877 1785 equitibus
896 1735 1026 1787 atque
1046 1722 1264 1785 expeditis
1295 1722 1504 1785 praegres«

219 1799 316 1846 sum
336 1835 349 1856 ‚
376 1797 613 1845 auxiliares
643 1795 830 1861 tyranni
848 1795 1022 1853 adorti,
1051 1796 1099 1842 in
1122 1808 1339 1842 terrorem
1360 1814 1410 1843 ac
1431 1810 1504 1843 tu·-

218 1872 409 1919 multum
442 1870 764 1932 conjecerunt,
795 1867 907 1913 nihil
938 1867 1022 1913 tale
1053 1867 1379 1929 exspectantes,
1398 1869 1503 1931 quia

219 1961 356 1990 nemo
392 1944 461 1990 his
481 1942 649 1989 obvius
672 1952 774 1987 toto
797 1940 957 1986 itinere
982 1939 1154 1996 fuerat,
1187 1958 1237 1987 ac
1258 1940 1400 1987 veluti
1421 1958 1503 2002 pa-

218 2030 322 2065 cato
356 2033 466 2079 agro
495 2015 768 2062 transierant.
807 2013 1096 2075 Aliquamdiu
1127 2013 1348 2076 peditibus
1380 2013 1502 2076 equi-

217 2100 310 2145 tes,
339 2087 564 2150 equitibus
591 2086 761 2148 pedites
795 2085 1065 2133 vocantibus
1084 2123 1095 2141 ‚
1131 2104 1234 2133 cum
1266 2087 1312 2132 in
1341 2087 1382 2133 se
1403 2087 1503 2134 cui-

218 2178 306 2224 que
344 2159 582 2207 minimum
613 2157 788 2206 fiduciae
828 2158 957 2215 effer,
988 2159 1256 2222 trepidatum
1293 2159 1365 2206 est.
1400 2172 1502 2206 tan==

218 2233 318 2278 dem
341 2232 460 2295 figna
489 2230 721 2294 legionum
753 2230 1137 2292 supervenerunt:
1172 2232 1247 2288 &‚
1280 2248 1380 2277 cum
1412 2230 1502 2292 pri-

218 2304 281 2350 mi
315 2303 502 2367 agminis
536 2303 750 2350 cohortes
782 2303 973 2350 induuae
1005 2303 1052 2348 in
1086 2303 1298 2364 proelium
1337 2301 1501 2359 essent,

217 2376 296 2439 qui
337 2376 479 2422 modo
516 2376 678 2422 terrori
717 2374 921 2432 fuerant,
962 2375 1230 2436 trepidantes
1264 2375 1310 2420 in
1346 2373 1501 2419 urbem

220 2450 442 2514 compulsi
470 2448 583 2498 sunt.
615 2448 849 2507 Romani,
885 2464 988 2495 cum
1018 2459 1190 2495 tantum
1218 2463 1241 2493 a
1271 2460 1403 2492 muro
1429 2461 1504 2498 ref
