1592 2724
312 177 858 228 uisromARUM
893 179 1013 227 Ltss.
1047 180 1263 230 xxxin.
1336 198 1424 246 323

154 281 284 331 annis
304 285 465 331 milites
493 284 736 340 scribebat,
767 285 815 330 δέ
847 285 1041 330 emeritis
1067 286 1245 348 quidam
1270 286 1432 352 stipen-

156 356 237 402 diis
255 392 267 411 ‚
298 357 459 419 quibus
486 357 627 403 modo
658 355 901 418 quidquam
920 357 1083 419 reliqui
1107 360 1286 408 roboris
1315 374 1434 423 erat,

155 427 211 473 ad
239 429 356 491 signa
386 428 729 476 revocabantur.
770 429 832 472 Ita
865 427 1068 489 suppleto
1101 432 1330 491 exercitu,
1363 434 1432 480 se-

155 502 353 547 cundum
374 518 566 549 vernum
586 500 901 563 aequinoffium
929 517 1086 547 omnes
1114 504 1266 566 copias
1287 507 1433 556 Dium

156 574 415 630 contraxit3
446 574 595 636 ibique
627 573 796 619 stativis
825 573 1007 636 pofitiS,
1039 578 1294 623 exercendo
1314 596 1435 641 quo—

157 646 263 690 tidie
287 645 452 703 milite,
472 645 643 692 hostem
663 646 993 708 opperiebatur.
1025 650 1078 692 Et
1098 649 1336 707 Quinffius
1355 668 1434 714 per

157 718 337 765 eosdem
374 719 515 766 ferme
555 720 680 777 dies,
719 721 774 766 ab
806 721 948 767 Elatia
989 721 1240 784 profestus,
1274 739 1435 786 praeter

159 793 419 839 Thronium
446 794 494 840 &
521 794 804 855 Scarphaeam
835 794 889 840 ad
910 794 1245 859 Thermopylas
1276 815 1437 859 perve-

158 866 239 913 nit.
262 866 326 913 Ibi
348 866 597 914 concilium
613 866 869 913 AEtolorum
886 902 899 924 ,
917 867 1176 914 Heracleam
1199 869 1437 933 indittum,

157 940 329 999 tenuit,
352 940 700 989 consultantium
721 941 896 1002 quantis
915 941 1091 987 auxiliis
1107 943 1359 990 Romanum
1379 945 1435 992 ad

158 1014 327 1061 bellum
367 1015 667 1079 sequerentur.
709 1012 917 1077 Cognitis
949 1015 1178 1062 sociorum
1216 1018 1437 1080 decretis,

159 1087 296 1134 tertio
327 1087 397 1133 die
420 1088 473 1133 ab
498 1087 712 1134 Heraclea
734 1087 912 1151 Xynias
943 1088 1193 1152 progressus
1210 1125 1223 1145 ‚
1252 1091 1297 1136 in
1321 1106 1437 1138 con-

159 1155 273 1203 finio
286 1152 526 1201 AEnianum
540 1152 940 1215 Thessalorumque
956 1161 1110 1216 positis
1131 1162 1299 1214 castris,
1313 1167 1440 1207 AEto-

160 1229 247 1276 lica
270 1227 437 1274 auxilia
461 1227 792 1289 opperiebatur.
824 1226 952 1272 Nihil
977 1226 1140 1272 morati
1161 1229 1298 1274 AEtoli
1324 1230 1437 1280 sunt.

159 1302 349 1350 Phaenea
381 1297 518 1356 duce,
555 1300 644 1344 duo
677 1299 816 1345 millia
844 1296 1044 1360 peditum
1077 1315 1178 1345 cum
1213 1301 1438 1362 equitibus

160 1372 498 1437 quadringentis
516 1384 755 1418 venerunt.
786 1371 855 1416 Ne
873 1370 1054 1417 dubium
1075 1371 1178 1417 effet
1192 1407 1207 1429 ,
1230 1373 1337 1435 quid
1355 1391 1439 1420 ex·-

161 1447 406 1510 spefitass'et,
424 1443 657 1492 confestim
677 1444 916 1503 Quinctius
937 1443 1085 1490 movit
1105 1444 1254 1491 castra.
1271 1446 1440 1493 Trans-

163 1519 307 1583 gresso
341 1519 386 1564 in
422 1516 724 1563 Phthioticum
759 1533 909 1579 agrum
949 1516 1183 1578 quingenti
1217 1518 1443 1582 Gortynii

166 1591 446 1639 Cretensium
460 1627 471 1646 ,
493 1591 604 1636 duce
630 1590 838 1653 Cydante
854 1624 867 1645 ‚
889 1590 938 1635 ὅ(
958 1588 1147 1635 trecenti
1168 1590 1443 1652 Apollonia-

166 1675 223 1709 tae
240 1699 268 1719 ,γ
288 1663 409 1709 haud
437 1660 595 1724 dispari
616 1674 784 1708 armatu
806 1694 820 1715 ,
854 1660 895 1707 se
928 1660 1236 1722 conjunxere:
1273 1680 1357 1710 nec
1382 1666 1444 1712 ira

168 1736 314 1781 multo
343 1735 445 1797 post
470 1736 767 1799 Amynander
792 1751 896 1781 cum
919 1734 1217 1781 Athamanum
1243 1737 1444 1797 peditum

168 1806 371 1852 ducentis
406 1808 455 1853 ὃ(
484 1806 620 1853 mille.
655 1807 918 1869 Philippus,
950 1806 1130 1869 cognita
1162 1807 1445 1869 profeffione

169 1880 225 1926 ab
259 1880 399 1926 Elatia
431 1881 743 1927 Romanorum
765 1914 778 1937 ,
817 1892 865 1925 ut
899 1879 971 1926 cui
1005 1879 1059 1924 de
1093 1878 1260 1924 summa
1295 1895 1445 1927 rerum

169 1951 330 1998 adesset
361 1965 609 2011 certamen,
642 1952 946 2000 adhortandos
978 1950 1139 1996 milites
1166 1964 1305 2009 ratus,
1329 1952 1448 1998 mul-

170 2036 213 2069 ta
242 2022 329 2085 jam
360 2022 470 2085 saepe
494 2036 738 2070 memorata
764 2024 817 2070 de
839 2022 1060 2084 majorum
1086 2020 1326 2073 virtutibus
1344 2058 1357 2080 ,
1390 2024 1449 2068 fi-

171 2095 266 2140 mul
296 2096 350 2141 de
379 2096 560 2142 militari
589 2097 716 2143 laude
743 2097 1067 2152 Macedonum,
1095 2108 1197 2140 cum
1226 2094 1448 2140 disseruis-

173 2168 267 2226 set,
297 2169 352 2214 ad
381 2186 429 2216 ea
449 2204 462 2227 ‚
497 2186 596 2232 quae
630 2182 721 2217 tum
755 2171 950 2218 maxime
985 2167 1159 2216 animos
1193 2170 1448 2226 terrebant,

173 2240 420 2304 quibusque
451 2240 562 2304 erigi
579 2243 632 2287 ad
650 2242 839 2306 aliquam
860 2242 978 2304 spem
1000 2250 1234 2302 poterant,
1257 2239 1399 2286 venit.

241 2311 316 2357 IV.
354 2312 561 2373 Acceptae
593 2313 647 2357 ad
675 2315 823 2359 Aoum
852 2314 1020 2359 flumen
1049 2311 1095 2355 in
1122 2309 1330 2371 angustiis
1359 2310 1452 2357 cla-

176 2383 252 2441 di,
284 2383 435 2430 territa
466 2383 772 2431 Macedonum
801 2385 1046 2447 phalange,
1081 2381 1136 2427 ad
1163 2382 1370 2428 Atracem
1403 2380 1454 2430 vi

175 2455 325 2517 pulsos
343 2456 578 2504 Romanos
608 2459 871 2521 opponebat
893 2474 904 2504 ε
924 2456 967 2504 δ’
988 2457 1077 2503 illic
1104 2471 1270 2513 tamen,
1295 2458 1366 2502 ubi
1384 2459 1455 2509 isa-2

941 2541 943 2543 ’
1089 2527 1137 2573 Χ
1175 2543 1201 2573 2
