1592 2724
214 150 307 209 426
580 152 1138 201 TITILIVII

213 266 310 302 tum
332 255 463 314 esset,
486 256 659 305 senatus
678 257 886 322 frequens
906 258 951 306 in
971 276 1067 307 eam
1093 259 1353 308 sententiam
1379 260 1498 320 ibat,

214 338 288 384 ut,
308 330 527 391 quoniam
555 329 602 377 in
622 330 835 395 Hispania
852 333 901 380 &
931 332 1204 380 Macedonia
1232 333 1504 381 debellatum

214 398 368 458 foret,
403 401 662 451 consulibus
697 405 916 452 ambobus
947 404 1073 452 Italia
1107 405 1348 469 provincia
1382 407 1501 452 effet.

214 473 401 537 Scipio,
423 478 541 538 satis
571 476 646 541 effi
678 481 815 524 Italiae
843 498 972 525 unum
1005 481 1233 541 confidem,
1270 478 1504 527 censebat:

217 551 339 593 alteri
362 551 654 596 decernendam
675 552 974 606 Macedoniam
1002 550 1089 615 effe.
1127 554 1292 598 Bellum
1310 570 1432 614 grave
1453 553 1505 596 ab

217 621 434 666 Antiocho
462 623 686 667 imminere.
714 622 815 682 jam
842 623 978 683 ipsimi
999 625 1085 684 fica
1107 625 1259 684 sponte
1290 624 1336 668 in
1367 626 1505 668 Euro-

210 709 317 752 pam
353 690 657 757 transgreffitm.
707 694 829 755 Quid
861 697 1006 741 deinde
1029 696 1244 754 faflurum
1279 696 1505 756 censbam,

217 782 310 809 curn
329 766 425 810 hinc
438 769 579 812 AEtoli
604 769 721 813 lzaud
748 771 868 814 dubie
889 770 1013 835 hostes
1032 786 1222 815 vocarent
1252 772 1311 814 ad
1328 772 1475 814 bollum
1491 802 1507 824 ‚

217 839 338 883 illinc
358 841 614 897 Hannibal,
630 842 840 887 Romanis
861 844 1050 888 cladibus
1070 842 1244 905 infignis
1262 845 1507 902 imperator,

206 912 475 977 stimularet>
496 913 624 959 Dum
655 913 709 959 de
738 913 992 976 provinciis
1021 913 1255 963 consulum
1291 915 1510 976 discepta-

220 996 322 1042 tur,
352 1000 569 1048 praetores
588 986 734 1033 sortiti
753 986 868 1034 s.unt
895 989 983 1034 Cn.
1013 987 1230 1034 Domitio
1251 984 1447 1032 urbana
1437 1002 1509 1046 Ju-

219 1022 441 1117 risdiffio,
466 1061 522 1107 T.
539 1060 759 1107 Juventio
781 1060 1013 1123 peregrina
1033 1059 1198 1108 evenit.
1220 1060 1266 1106 P.
1288 1057 1511 1106 Cornelio

221 1130 432 1195 Hispania
474 1132 690 1191 ulterior,
725 1134 824 1180 Sex.
863 1132 1047 1196 Digitio
1082 1132 1299 1180 citerior:
1335 1130 1513 1177 duobus

219 1206 307 1252 Cn.
329 1205 560 1254 Corneliis
578 1241 592 1264 ‚
609 1206 804 1253 Blasioni
833 1206 1009 1263 Sicilia,
1040 1205 1268 1251 Merendae
1297 1202 1513 1250 Sardinia.

220 1280 271 1323 ln
289 1277 607 1325 Macedoniam
634 1295 809 1326 novum
829 1277 1077 1324 exercitum
1097 1274 1390 1338 transportari
1414 1290 1510 1321 non

221 1349 405 1413 placuit.
454 1368 580 1410 eum,
617 1350 696 1415 qui
732 1350 836 1398 effet
875 1349 968 1408 ibi,
1005 1348 1158 1396 reduci
1197 1348 1243 1394 in
1279 1347 1448 1394 Italiam
1488 1363 1514 1393 a

223 1424 445 1485 Quinctio
462 1461 476 1483 ‚
496 1442 547 1473 ac
570 1424 749 1472 dimitti.
783 1425 889 1470 item
917 1441 1018 1470 eum
1044 1422 1295 1469 exercitum
1322 1419 1514 1478 dimitti,

221 1499 301 1562 qui
322 1516 424 1546 cum
457 1501 522 1547 M.
540 1499 706 1546 Porcio
729 1501 905 1546 Catone
924 1497 972 1543 in
1002 1495 1209 1557 Hispania
1232 1495 1350 1541 effet.
1385 1495 1516 1539 Con-

224 1572 393 1620 sulibus
420 1575 639 1621 ambobus
666 1573 835 1620 Italiam
867 1569 1153 1634 provinciam
1188 1568 1303 1624 effe,
1331 1570 1380 1614 &
1408 1566 1516 1612 duas

225 1648 414 1695 urbanas
447 1665 527 1695 eos
561 1648 761 1710 legiones
798 1645 1018 1692 scribere:
1050 1654 1127 1698 ut,
1153 1640 1369 1696 dimiffis5
1400 1655 1517 1702 quos

228 1720 401 1768 senatus
436 1720 664 1769 censuiffet
681 1756 695 1778 ‚
719 1717 987 1766 exercitibus
1007 1751 1021 1775 ‚
1048 1715 1153 1762 οξὶο
1190 1713 1384 1760 omnino
1418 1713 1517 1758 Ro-

227 1812 373 1841 manae
403 1794 606 1858 legiones
628 1794 778 1841 essent.

294 1870 453 1915 XLIV.
487 1871 579 1914 Ver
602 1867 771 1914 sacrum
801 1864 965 1911 facium
997 1874 1091 1909 erat
1110 1860 1261 1924 priore
1285 1874 1433 1915 anno,
1453 1859 1519 1906 M.

229 1940 396 1987 Porcio
420 1943 467 1989 ὃ(
487 1943 536 1987 L.
557 1941 741 1987 Valerio
770 1937 1039 1985 consulibus.
1066 1936 1110 1980 id
1133 1951 1237 1980 cum
1256 1935 1303 1979 P.
1324 1930 1520 1978 Licinius

233 2012 443 2075 pontifex
476 2030 570 2058 non
610 2013 693 2058 effe
723 2012 837 2057 <se-&e
866 2009 1027 2055 faetum
1065 2005 1261 2068 collegio
1297 2004 1522 2067 primum,

234 2084 393 2130 deinde
418 2101 474 2131 ex
508 2086 773 2131 ati&oritate
799 2081 979 2143 collegii
1011 2079 1240 2135 Patribus,
1273 2075 1523 2123 renuntias-

236 2156 326 2214 set,
345 2158 426 2203 de
417 2170 538 2222 inter
545 2175 595 2204 ro
617 2156 870 2203 faciendum
889 2153 1104 2199 arbitratu
1122 2147 1393 2213 pontificum
1416 2164 1523 2193 cen-

238 2229 448 2286 suerunt;
483 2230 703 2294 ludosque
741 2243 957 2291 magnos,
989 2225 1067 2290 qui
1099 2241 1190 2271 una
1221 2223 1323 2270 voti
1360 2221 1523 2274 effent,

238 2315 360 2351 tanta
394 2305 615 2367 pecunia,
657 2318 822 2366 quanta
868 2300 1099 2356 affoleret,
1140 2297 1385 2345 faciendos.
1432 2296 1523 2338 Ver

244 2377 413 2424 sacrum
436 2378 578 2425 videri
598 2393 758 2440 pecus,
776 2376 900 2439 quod
921 2387 1073 2421 natum
1095 2373 1199 2419 effet
1217 2371 1332 2417 inter
1351 2368 1523 2414 Kalen·-

243 2452 320 2500 das
345 2453 554 2512 Martias>
574 2454 623 2499 ὅ(
643 2450 785 2515 pridie
807 2449 1033 2496 Kalendas
1054 2446 1214 2507 Maias,
1232 2446 1279 2492 P.
1297 2440 1519 2489 Cornelio
