1592 2724
372 168 1270 235 HISTORIARUML113.XXX.
1360 190 1448 237 179

164 277 304 342 pione
332 278 492 326 fiducia
519 281 568 327 &
600 278 806 326 vifioriae
834 277 956 340 spes,
979 295 1074 341 quo
1100 279 1239 341 magis
1262 280 1308 325 in
1339 297 1450 342 pro-

164 353 378 415 pinquam
411 370 506 399 eam
536 352 827 399 imminebant
851 352 1034 405 animis,
1063 368 1118 397 eo
1150 370 1267 398 curae
1297 354 1450 400 inten-

166 426 295 471 tioris
314 439 454 473 erant.
475 425 606 472 Haud
625 424 768 486 dispar
788 424 964 470 habitus
984 424 1238 470 animorum
1259 427 1450 473 Cartha·

166 498 436 561 giniensibus
455 511 560 545 erat.
594 513 710 560 quos
730 497 872 543 modo
894 497 1045 558 petiffe
1063 515 1241 559 pacem,
1265 497 1450 544 intuen-

164 582 230 617 tes
257 564 551 618 Hannibalem
574 588 624 617 ac
648 588 797 616 rerum
818 570 1033 634 gestarum
1064 570 1156 633 ejus
1176 574 1450 634 magnitudi-

165 662 268 692 nem
286 682 299 703 ,
323 646 598 708 poenitebat:
621 645 762 692 modo
779 681 792 702 ,
817 662 919 692 cum
946 644 1242 707 respicerent,
1266 646 1331 693 bis
1360 646 1449 693 sese

165 720 262 766 acie
282 722 452 778 victos,
473 720 730 784 Syphacem
755 731 935 782 captum
951 755 964 776 ,
983 719 1134 780 pulsos
1152 718 1192 764 se
1212 719 1448 780 Hispania,

165 793 319 857 pulsos
339 793 458 840 Italia
474 830 488 849 ‚
507 809 641 856 atque
661 809 711 839 ea
738 791 889 838 omnia
909 791 1042 838 unius
1072 791 1240 837 virtute
1264 793 1313 838 ὃς
1333 809 1453 839 con-

165 866 264 912 filio
289 865 513 928 Scipionis
548 864 658 912 fasta
674 901 689 922 ,
720 865 848 911 velut
875 864 1053 911 fatalem
1084 881 1186 910 eum
1215 865 1373 911 ducem
1403 865 1452 912 in

165 940 353 986 exitium
382 938 507 984 suum
529 953 679 984 natum
705 938 966 984 horrebant.

229 1012 401 1057 XXIX.
431 1012 522 1057 Jam
547 1010 839 1056 Adrumetum
872 1020 1056 1055 venerat
1076 1008 1332 1054 Hannibal:
1363 1027 1453 1055 un-

165 1084 220 1129 de
237 1118 250 1139 ‚
279 1083 333 1128 ad
362 1081 652 1129 reficiendum
679 1100 735 1128 ex
758 1082 996 1143 jactatione
1020 1083 1240 1128 maritima
1262 1084 1453 1130 militem

165 1155 319 1220 paucis
335 1155 491 1202 diebus
511 1155 685 1212 sumtis,
700 1156 871 1202 excitus
889 1156 1064 1218 pavidis
1084 1155 1277 1213 nuntiis,
1297 1157 1454 1202 omnia

165 1229 285 1275 circa
306 1228 621 1290 Carthaginem
638 1228 832 1274 obtineri
849 1229 1005 1285 armis,
1027 1228 1307 1274 afferentium
1323 1266 1335 1284 ,
1356 1247 1454 1275 rna-

98 1340 103 1341 a
167 1301 277 1367 gnis‘
304 1300 538 1346 itineribus
571 1300 752 1346 Zamam
788 1301 1037 1347 contendit.
1079 1302 1212 1347 Zama
1251 1303 1454 1363 quinque

169 1372 342 1418 dierum
371 1371 452 1418 iter
478 1372 532 1418 ab
555 1371 826 1434 Carthagine
846 1371 978 1417 abest.
1007 1372 1110 1417 inde
1131 1373 1336 1433 praemiffi
1359 1372 1454 1434 spe-

170 1445 393 1492 culatores
413 1461 515 1491 cum
534 1444 709 1506 excepti
728 1461 751 1489 a
767 1443 1024 1490 custodibus
1039 1444 1257 1490 Romanis
1278 1444 1454 1491 deducti

168 1517 224 1564 ad
243 1516 501 1578 Scipionem
528 1516 687 1574 effent,
708 1517 897 1562 traditos
918 1531 996 1561 eos
1022 1515 1212 1561 tribunis
1234 1517 1453 1576 militum,

167 1590 391 1655 juffosque
409 1591 569 1636 omifl'o
588 1604 709 1637 metu
730 1591 869 1636 visere
890 1590 1064 1647 omnia,
1084 1608 1162 1653 per
1184 1591 1320 1638 castra
1336 1628 1349 1649 ,
1366 1609 1455 1654 qua

169 1666 372 1721 vellent,
401 1665 676 1711 circumduci
710 1663 827 1725 juffit
854 1683 863 1710 :
899 1664 1302 1727 percontatusque,
1331 1664 1455 1712 satin²

169 1754 250 1800 per
268 1738 559 1783 commodum
577 1737 729 1782 omnia
749 1737 1046 1799 explorass'ent
1059 1772 1072 1793 ,
1093 1736 1203 1782 datis
1216 1772 1230 1794 ,
1247 1736 1323 1798 qui
1341 1755 1456 1799 pro-

170 1809 480 1872 sequerentur,
500 1822 621 1856 retro
642 1810 697 1856 ad
718 1811 1016 1857 Hannibalem
1037 1811 1209 1857 dimisit.
1231 1812 1457 1860 Hannibal

171 1882 283 1929 nihil
307 1882 489 1945 quidem
515 1898 672 1928 eorum
687 1919 698 1940 ,
719 1900 818 1945 quae
844 1883 1191 1940 nuntiabantur,
1213 1882 1347 1946 (nam
1375 1886 1422 1930 δέ
1439 1920 1455 1942 ,

172 1956 435 2002 Masiniffam
457 1974 557 2003 cum
575 1956 650 2002 sex
666 1956 860 2002 millibus
880 1957 1078 2018 peditum
1093 1993 1106 2014 ,
1122 1970 1315 2019 quatuor
1331 1958 1457 2020 equi-

171 2039 267 2074 tum
298 2027 465 2074 venisse
483 2044 539 2074 eo
562 2027 658 2090 ipso
680 2027 797 2074 forte
823 2029 918 2086 die,
935 2028 1207 2090 afferebant)
1230 2030 1334 2076 laeto
1358 2030 1459 2075 ani-

171 2116 251 2147 mo
270 2099 436 2157 audiit,
453 2100 644 2145 maxime
658 2101 796 2146 hostis
814 2099 998 2159 fiducia,
1014 2118 1113 2164 quae
1129 2118 1224 2147 non
1238 2102 1291 2146 de
1306 2101 1457 2146 nihilo

171 2171 379 2236 profe&o
399 2184 619 2232 concepta
636 2171 720 2229 est,
739 2173 978 2234 perculsus.
1001 2176 1152 2236 Itaque
1165 2209 1178 2231 ,
1199 2191 1456 2237 quanquam

172 2242 334 2306 &ipse
364 2241 491 2289 causa
514 2243 618 2288 belli
645 2255 760 2301 erat,
789 2246 837 2290 &
869 2244 1064 2290 adventu
1087 2243 1167 2289 suo
1198 2245 1456 2290 turbaverat

173 2317 224 2362 &
242 2316 387 2378 paetas
414 2313 638 2373 inducias,
659 2315 709 2361 &
729 2313 847 2376 spem
867 2315 1114 2370 foederum,
1135 2328 1282 2361 tamen
1296 2351 1308 2370 ,
1333 2316 1362 2360 fi
1382 2315 1456 2360 in-

175 2400 323 2451 teger,
345 2405 479 2451 quam
506 2387 538 2433 fi
554 2389 718 2446 vierus,
740 2400 910 2450 peteret
931 2407 1084 2451 pacem
1102 2424 1114 2447 ‚
1143 2389 1345 2451 aequiora
1364 2387 1457 2440 ini-q

175 2461 342 2525 petrari
358 2460 481 2524 posse
500 2472 646 2524 ratus,
666 2461 875 2510 nuntium
896 2463 951 2510 ad
970 2462 1228 2524 Scipionem
1247 2461 1387 2522 misit,
1407 2473 1455 2509 ut

1097 2532 1147 2584 M
1176 2547 1201 2577 2
