1592 2724
208 140 302 190 350
562 121 1133 169 T1T1L1v11

205 248 253 279 re
282 228 441 291 jussus:
476 227 717 293 imperium
747 228 789 277 ei
819 241 1117 294 prorogatum
1151 226 1250 276 satis
1273 227 1362 292 jam
1394 239 1499 277 ante

208 302 356 352 videri
378 301 476 348 effe.

273 374 451 420 XXVI.
488 373 708 420 Praetores
747 373 909 420 deinde
944 372 1209 436 provincias
1245 373 1420 431 sortiti,
1455 376 1506 422 L.

211 447 420 511 Apustius
456 446 586 493 Fullo
617 447 830 493 urbanam
863 447 1215 510 iurisdietionem
1235 484 1249 507 ,
1289 450 1370 495 Μ’.
1401 447 1503 494 Aci-

208 522 295 568 lius
317 521 507 568 Glabrio
548 521 664 566 inter
698 521 822 568 cives
853 523 902 568 δε,
935 521 1224 585 peregrinos,
1257 523 1318 582 Q
1344 522 1503 568 Fabius

205 597 350 643 Buteo
387 593 645 656 Hispaniam
682 593 970 653 ulteriorem,
1006 597 1067 656 Q.
1098 596 1327 643 Minucius
1357 597 1503 644 Ther·

209 685 311 716 mus
344 666 631 726 citeriorem,
665 668 719 714 C.
742 668 904 715 Laelius
935 669 1161 728 Siciliam,
1193 671 1503 732 Ti.Semp1·0-

209 743 312 789 nius
341 743 524 805 Longus
559 740 824 789 Sardiniamss
862 743 923 802 Q.
958 743 1095 792 Fabio
1128 744 1322 792 Buteoni
1357 745 1408 792 &
1438 745 1502 805 Q.

211 817 456 875 Minucio,
485 816 651 880 quibus
690 815 916 880 Hispaniae
948 818 1203 881 provinciae
1233 832 1505 878 evenerant,

213 890 420 938 consules
440 888 639 952 legiones
662 888 854 952 singulas
880 906 936 936 ex
957 902 1152 954 quatuor
1170 891 1223 937 ab
1241 891 1280 937 se
1299 892 1473 954 scriptis
1488 927 1502 950 ,

212 981 322 1027 quas
349 962 607 1020 videretur,
643 961 713 1008 uti
745 962 929 1021 darent,
958 963 1185 1009 decretum
1207 964 1295 1019 est;
1329 964 1505 1012 socistm

212 1055 266 1085 ac
296 1035 496 1083 nominis
515 1034 660 1082 Latini
691 1046 909 1099 quaterna
933 1036 1071 1082 millia
1102 1037 1330 1100 peditum,
1363 1051 1505 1086 trece-

212 1126 300 1157 nos
323 1108 523 1172 equites:
550 1107 688 1171 hique
707 1109 857 1171 primo
884 1125 1068 1172 quoque
1092 1122 1297 1173 tempore
1327 1110 1373 1158 in
1398 1130 1506 1176 pro-

213 1181 392 1230 vincias
427 1180 491 1227 ire
522 1178 637 1242 juffi.
672 1180 847 1228 Bellum
878 1181 924 1227 in
955 1181 1168 1246 Hispania
1204 1184 1367 1247 quinto
1404 1184 1506 1249 post

213 1270 338 1302 anno
365 1264 578 1300 exortum
602 1252 692 1312 est,
729 1269 863 1316 quam
887 1252 1014 1299 timul
1046 1271 1146 1300 cum
1176 1256 1353 1303 Punico
1382 1257 1506 1303 bello

212 1330 361 1377 fuerat
393 1327 586 1374 finitum.
624 1327 881 1392 Priusquam
914 1327 960 1373 hi
988 1340 1204 1390 praetores
1243 1328 1298 1374 ad
1334 1328 1506 1375 bellum

213 1418 360 1467 prope
381 1418 585 1458 novum,
613 1401 720 1465 quia
738 1414 835 1448 tum
854 1401 1050 1464 primum
1072 1400 1150 1447 suo
1176 1402 1362 1450 nomine
1376 1439 1389 1461 ‚
1411 1404 1508 1449 nul-

213 1476 262 1522 lo
290 1474 466 1521 Punico
487 1474 690 1521 exercitu
717 1486 792 1522 aut
817 1474 960 1532 duce,
983 1474 1037 1520 ad
1062 1491 1180 1520 arma
1200 1473 1363 1532 ierant,
1393 1491 1506 1537 pro-

214 1547 546 1607 ficiscerentur,
578 1559 655 1594 aut
682 1547 762 1611 ipfi
784 1546 988 1594 consules
1018 1548 1072 1594 ab
1098 1547 1209 1593 urbe
1238 1559 1503 1604 moverent;

214 1638 485 1687 procurare,
502 1633 552 1668 ut
579 1621 765 1679 assolet,
785 1619 988 1683 prodigia
1007 1655 1020 1674 ‚
1037 1636 1138 1681 quae
1158 1619 1506 1679 nuntiabantur,

212 1696 327 1762 jussi.
355 1698 403 1744 L.
425 1696 565 1743 Julius
585 1694 852 1758 Sequestris,
881 1692 928 1739 in
959 1692 1150 1739 Sabinos
1180 1691 1471 1756 proficiscens
1489 1729 1504 1752 ,

213 1767 405 1816 fulmine
427 1767 518 1832 ipse
542 1767 770 1831 equusque
801 1765 1043 1812 exanimati
1065 1764 1266 1812 fuerant:
1293 1765 1408 1811 aedes
1426 1769 1507 1812 Fe·-

213 1841 360 1888 roniae
389 1840 436 1886 in
455 1842 684 1903 Capenate
705 1840 759 1886 de
785 1839 910 1887 coelo
937 1840 1050 1886 taeta
1075 1852 1198 1885 erat:
1227 1838 1282 1885 ad
1304 1840 1507 1886 Monetae
1550 1867 1551 1871 =

215 1913 401 1960 duarum
429 1912 651 1959 hastarum
687 1912 853 1976 spicula
881 1912 1096 1958 arserant:
1120 1910 1260 1973 *lupus
1276 1946 1289 1968 ‚
1310 1909 1507 1974 Esquili-

215 2004 273 2033 na
291 1998 423 2049 porta
443 1986 659 2049 ingreffu's
674 2021 689 2042 ‚
717 1984 1067 2049 frequentiffima
1088 1994 1212 2046 parte
1230 1983 1353 2030 urbis
1369 2017 1382 2041 ‚
1403 2001 1505 2030 cum

214 2060 264 2107 in
291 2058 446 2105 forum
469 2058 752 2116 decurrisset,
774 2057 926 2106 Tusco
958 2057 1066 2104 vico
1087 2067 1219 2119 atque
1246 2057 1507 2115 Intemelio‚

214 2148 297 2196 per
315 2143 493 2194 portam
514 2132 745 2193 Capenam
778 2148 919 2193 prope
950 2131 1140 2176 intaetus
1158 2128 1368 2176 evaserat.
1397 2130 1507 2176 Haec

216 2204 423 2270 prodigia
450 2204 697 2265 majoribus
728 2204 887 2250 hostiis
915 2204 1016 2251 sunt
1043 2213 1300 2266 procurata.

281 2277 476 2323 XXVII.
511 2275 666 2322 Iisdem
701 2276 856 2323 diebus
885 2278 971 2323 Cn,
992 2275 1235 2323 Cornelius
1263 2271 1477 2321 Lentulus
1495 2308 1510 2332 ‚

216 2349 297 2413 qui
317 2361 419 2396 ante
439 2350 756 2412 Sempronium
779 2349 1054 2395 Tuditanum
1076 2345 1331 2393 citeriorem
1349 2344 1508 2406 Hispa-

220 2421 341 2468 niam
373 2420 661 2482 obtinuerat,
685 2438 832 2470 ovans
853 2437 911 2468 ex
939 2417 1321 2468 senatusconsulto
1349 2414 1508 2464 urbem
