1592 2724
292 151 844 200 HISTORIARUM
876 153 1006 199 LIB.
1041 152 1255 201 XXVIII.
1360 166 1419 217 23

135 256 275 306 millia
300 258 501 321 peditum
520 260 572 306 δε
597 256 831 320 quingenti
850 257 1034 319 equites.
1056 257 1160 304 inde
1184 259 1239 304 ad
1264 261 1422 307 Baecu-

134 330 225 377 lam
241 331 398 378 urbem
415 329 666 395 progressus
686 327 813 374 omni
833 328 1034 374 exercitu
1059 328 1228 377 civium
1241 364 1252 381 ,
1268 329 1423 379 socios*

97 421 113 435 N
135 419 264 458 rum,
284 402 486 464 peditum
509 401 801 464 equitumque
832 400 1032 463 quinque
1052 401 1101 447 δε
1129 399 1422 463 quadraginta

133 473 351 521 millibus.
386 473 536 521 Castra
574 483 794 534 ponentes
832 487 910 517 eos
943 473 1081 534 Mago
1119 473 1166 519 &
1198 471 1421 520 Masinissa

134 562 238 592 cum
255 544 381 592 omni
401 543 601 606 equitatu
620 542 800 605 aggreffi
820 542 934 588 sunt.
962 542 1293 605 turbassentque
1313 560 1421 588 mu<-

135 616 403 675 nientes‚'rii
431 614 571 662 abditi
595 614 696 676 post
727 613 975 671 tumulum,
1001 626 1261 676 opportune
1287 615 1342 660 ad
1373 613 1420 661 id

136 690 359 752 politum,
387 689 442 735 ab
470 687 683 749 Scipione
703 686 872 748 equites
895 686 1149 749 improviso
1179 687 1226 734 in
1256 686 1421 735 effusos

135 760 434 807 incurriss'ent.
464 759 523 804 Hi
545 757 890 821 promtiffimum
911 776 1156 823 quemque,
1185 761 1235 806 δε
1257 760 1420 823 proxi-

135 849 206 879 me
236 833 436 890 vallum‚
455 832 665 899 atque'in
695 830 814 894 ipsos
845 832 1094 880 munitores
1125 834 1318 895 primum
1347 832 1419 878 in-

136 907 341 965 vectum,
366 906 557 952 vixdum
584 905 753 968 proelio
777 904 923 962 inito,
950 905 1188 953 fuderunt:
1212 922 1312 953 cum
1341 923 1420 953 ce-

135 979 270 1037 teris,
303 978 381 1042 qui
409 977 488 1034 sub
516 977 647 1041 fignis
672 990 807 1040 atque
842 977 999 1024 ordine
1020 978 1207 1041 agminis
1231 977 1422 1029 incesse-e

135 1064 265 1108 rant,
289 1050 475 1114 longior
496 1052 546 1098 &
571 1050 647 1098 diu
674 1050 879 1113 ambigua
911 1068 1061 1114 pugna
1084 1050 1179 1097 fuit.
1210 1051 1285 1098 sed
1314 1068 1419 1098 cum

137 1125 192 1170 ab
224 1124 486 1171 stationibus
524 1123 716 1186 primum
762 1125 981 1186 expeditae
1022 1125 1256 1183 cohortes,
1289 1123 1420 1171 dein-

137 1199 191 1243 de
225 1215 281 1244 ex
314 1214 451 1260 opere
486 1197 660 1245 deduffi
699 1197 889 1256 milites,
923 1211 1056 1261 atque
1101 1216 1221 1246 arma
1260 1214 1421 1260 capere

136 1270 235 1333 juffi
270 1271 418 1333 plures
445 1272 493 1319 &
523 1271 684 1334 integri
714 1270 852 1329 feffis,
888 1289 1187 1336 magnumque
1217 1271 1306 1334 jam
1341 1288 1421 1335 ag-

138 1360 242 1390 men
261 1355 535 1392 armatorum
566 1362 590 1390 a
621 1344 773 1391 castris
790 1345 835 1391 in
864 1344 1074 1406 proelium
1101 1356 1280 1402 rueret,
1297 1359 1421 1407 terga

139 1417 259 1463 haud
294 1416 426 1462 dubie
455 1428 638 1464 vertunt
667 1417 798 1463 Poeni
831 1416 1142 1479 Numidaeque.
1181 1419 1236 1464 Et
1269 1416 1420 1479 primo

138 1488 363 1535 turmatim
395 1489 603 1547 abibant,
630 1489 741 1535 nihil
772 1501 958 1552 propter
993 1496 1212 1553 pavorem
1245 1488 1421 1535 festina·-

137 1561 370 1611 tionemve
388 1562 584 1610 confusis
603 1562 858 1610 ordinibus:
874 1563 1002 1621 dein,
1017 1563 1254 1626 postquam
1274 1563 1421 1610 acrius

139 1635 309 1682 ultimis
327 1635 552 1684 incidebat
572 1637 805 1684 Roman-us
818 1674 831 1692 ‚
850 1653 996 1701 neque
1014 1635 1209 1682 sustineri
1229 1635 1421 1698 impetus

138 1717 345 1767 poterat,
366 1706 479 1752 nihil
507 1705 596 1767 jam
618 1709 832 1755 ordinum
858 1725 1078 1755 memores
1093 1743 1106 1765 ,
1134 1707 1310 1772 paffim,
1331 1724 1421 1770 qua

139 1777 302 1841 cuique
337 1778 595 1840 proximum
629 1779 741 1836 fuit,
766 1780 814 1827 in
846 1781 994 1844 fugam
1028 1780 1329 1828 effunduntur.
1364 1782 1423 1826 Et

138 1867 395 1914 quanquam
421 1868 478 1898 eo
500 1853 669 1914 proelio
690 1854 965 1917 aliquantum
989 1855 1039 1901 &
1060 1854 1278 1900 Romanis
1302 1853 1421 1901 aufili

139 1925 189 1971 &
206 1924 424 1972 deminuti
451 1926 653 1973 hostibus
675 1928 814 1975 animi
843 1940 992 1983 erant3
1013 1942 1161 1974 tamen
1189 1944 1421 1990 nunquam

140 1995 312 2058 aliquot
337 1996 618 2062 insequentes
640 2001 733 2047 dies
761 2001 815 2047 ab
843 2000 1187 2048 excursionibus
1213 2001 1424 2064 equitum

139 2067 336 2131 levisque
363 2084 594 2118 armaturae
622 2074 829 2120 ceffatum
855 2074 932 2121 est.

204 2142 328 2187 XlV.
361 2142 450 2188 Ubi
475 2143 576 2190 satis
603 2157 782 2192 tentatae
808 2164 886 2209 per
909 2147 1006 2193 haec
1033 2145 1153 2193 levia
1178 2144 1424 2193 certamina

138 2212 260 2259 vires
278 2212 403 2271 sunt,
426 2214 553 2277 prior
572 2217 817 2264 Hasdrubal
834 2218 881 2265 in
901 2219 1043 2265 aciem
1064 2217 1218 2280 copias
1239 2216 1422 2263 eduxit:

143 2286 302 2334 deinde
324 2289 373 2333 &
393 2287 589 2334 Romani
608 2291 874 2351 processere.
906 2290 978 2338 sed
995 2303 1181 2354 utraque
1202 2290 1315 2337 acies
1335 2302 1427 2349 pro»

143 2359 270 2405 vallo
291 2358 406 2405 stetit
429 2359 664 2408 instructa:
685 2363 735 2409 &
756 2380 859 2411 cum
879 2363 934 2411 ab
961 2364 1128 2411 neutris
1147 2379 1294 2425 pugna
1322 2371 1422 2409 coe&

141 2441 218 2493 pta
246 2429 378 2492 effet,
397 2429 488 2497 jam
516 2431 586 2480 die
617 2433 675 2481 ad
699 2434 909 2487 occasum
938 2436 1212 2494 inclinante,
1229 2452 1255 2482 a
1273 2435 1424 2488 Poeno
