1592 2724
222 118 314 168 392
585 104 1151 157 T1T1L1vit

223 215 408 280 perinde
442 226 577 280 atque
609 215 824 274 haberet,
859 216 949 280 ipsa
984 216 1175 276 fiducia,
1208 219 1259 266 &
1289 218 1512 283 sperando

222 302 358 353 atque
397 289 605 335 audendo
640 288 877 338 servatum.
925 292 1110 339 Postero
1144 293 1215 340 die
1250 293 1404 358 legatis
1438 312 1512 342 re·-

224 361 433 424 spondit,
463 365 716 425 Quanquam
734 381 940 422 vereatur,
971 366 1142 427 nefitas
1159 368 1263 412 vires
1282 400 1297 424 ‚
1319 369 1421 414 aliis
1441 385 1513 414 eas

226 440 562 500 commodando,
591 440 757 483 minuat
769 455 789 491 ;
820 453 957 482 tamen
988 440 1156 484 illorum
1173 439 1224 500 fi
1243 443 1435 500 temporis
1465 459 1515 487 ac

218 503 397 573 periculi
426 513 587 571 magis,
616 530 739 570 quam
758 511 833 569 fici
852 545 866 566 ‚
895 514 1094 557 rationem
1124 514 1278 558 habere.
1316 513 1517 559 Denun-

225 584 328 632 tiari
361 583 556 630 militum
588 582 703 645 parti
742 583 883 629 tertiae
921 601 977 630 ex
1005 585 1217 633 omnibus
1246 585 1516 634 cohortibus

223 656 378 720 jubet,
410 670 460 702 ut
490 655 641 703 cibum
661 671 839 718 „quem
870 655 916 702 in
946 675 1086 706 naves
1119 660 1384 720 imponant,
1417 671 1516 707 mad

225 743 328 778 ture
358 740 584 792 coquant:
615 727 842 793 navesque
866 729 914 775 in
943 731 1059 778 diem
1093 734 1274 781 tertium
1307 732 1516 796 expediri

225 804 360 867 juffit.
409 806 547 852 Duos
583 821 640 851 ex
675 803 828 865 legatis
858 803 1054 865 Bilistagi
1087 820 1220 870 atque
1254 808 1517 870 Ilergetibus

226 877 434 924 nuntiare
465 894 514 924 ea
536 875 683 938 jubet3
709 874 852 922 filium
885 877 1027 941 reguli
1057 880 1248 926 comiter
1275 882 1517 939 habendo,

227 954 279 1000 &
297 952 557 999 muneribus
575 951 692 1015 apud
716 950 758 997 se
787 950 963 1000 retinet.
993 954 1146 1017 Legati
1167 972 1262 1002 non
1286 968 1388 1002 ante
1408 973 1518 1018 pro-

229 1023 363 1084 seed,
395 1043 526 1089 quam
561 1023 798 1087 impositos
831 1024 878 1069 in
913 1042 1053 1072 naves
1083 1027 1246 1074 milites
1275 1028 1521 1075 viderunt:

227 1095 276 1143 id
313 1114 399 1160 pro
431 1098 550 1144 haud
577 1095 718 1144 dubio
752 1095 840 1157 jam
871 1096 1157 1155 nuntiantes,
1180 1115 1275 1145 non
1296 1098 1397 1147 suos
1417 1116 1517 1147 mo-

228 1170 292 1216 do
307 1208 322 1229 ,
342 1171 415 1218 sed
437 1172 572 1218 etiam
599 1169 778 1227 hostes,
802 1168 918 1215 fama
937 1170 1134 1218 Romani
1162 1171 1319 1219 auxilii
1343 1173 1521 1224 adven-³.

228 1244 365 1290 tantis
389 1243 711 1306 impleverunt.

295 1322 415 1366 XIII.
444 1319 647 1377 Consul,
684 1316 762 1363 ubi
792 1315 917 1376 satis,
942 1317 1072 1380 quod
1103 1316 1146 1364 in
1184 1318 1374 1382 speciem
1401 1317 1522 1376 fuit,-

232 1392 506 1440 ostentatum
544 1392 606 1440 est
632 1428 646 1449 ‚
681 1390 891 1438 revocari
934 1407 992 1437 ex
1028 1390 1220 1440 navibus
1254 1392 1418 1440 milites
1447 1393 1521 1455 ju·-

231 1465 323 1513 bet.
359 1465 450 1528 ipse
465 1501 480 1522 ,
515 1482 616 1512 cum
638 1464 727 1526 jam
750 1462 795 1508 id
816 1474 991 1525 tempus
1011 1463 1116 1510 anni
1144 1476 1399 1525 appeteret,
1424 1482 1523 1527 quo

232 1538 326 1603 geri
350 1555 418 1585 res
439 1538 645 1599 possent,
681 1536 819 1584 castra
846 1536 1033 1583 hiberna
1058 1537 1142 1583 tria
1163 1537 1302 1584 millia
1322 1538 1523 1601 paffuum

233 1613 291 1659 ab
312 1613 540 1675 Emporiis
571 1609 735 1674 posuit.
765 1609 871 1657 inde
889 1627 969 1673 per
988 1609 1248 1656 occasiones
1264 1646 1277 1667 ,
1296 1627 1416 1657 nunc
1436 1611 1523 1658 hac

232 1697 390 1750 parte,
425 1703 547 1734 nunc
568 1686 640 1732 illa
660 1722 674 1744 ,
706 1684 894 1731 modico
926 1682 1134 1747 praefidio
1167 1682 1316 1730 castris
1340 1683 1523 1741 relicto,

233 1759 482 1823 praedatum
500 1757 665 1804 milites
684 1756 731 1802 in
751 1756 951 1802 hostium
973 1771 1103 1818 agros
1119 1755 1351 1802 educebat.
1376 1755 1525 1801 Nocte

234 1831 376 1879 ferme
395 1829 821 1894 proficiscebantur,
840 1838 889 1874 ut
907 1828 956 1874 &
978 1843 1111 1890 quam
1137 1826 1387 1890 longissime
1405 1844 1429 1873 a
1448 1844 1526 1873 ca-

237 1905 337 1953 stris
371 1905 697 1967 procederent,
731 1904 780 1950 &
811 1901 1076 1963 inopinatos
1104 1901 1427 1963 opprimerent.
1467 1902 1525 1947 Et

237 1980 474 2026 exercebat
494 1996 544 2026 ea
573 1995 642 2025 res
668 1993 823 2025 novos
848 1975 1010 2023 milites
1027 2011 1042 2033 ‚
1074 1975 1124 2022 ὅ(
1143 1974 1338 2021 hostium
1368 1991 1527 2038 magna

237 2052 311 2121 vis
344 2052 679 2114 excipiebatur:
710 2069 794 2099 nec
823 2050 911 2113 jam
931 2048 1083 2112 egredi
1102 2048 1227 2096 extra
1246 2048 1529 2095 munimenta

239 2124 526 2173 castellorum
560 2124 799 2172 audebant.
829 2123 922 2171 Ubi
948 2122 1049 2172 satis
1077 2122 1320 2168 admodum
1347 2122 1396 2169 &
1425 2119 1529 2167 suo-i

238 2213 341 2243 rum
378 2198 427 2244 ὃς
458 2196 654 2243 hostium
689 2196 864 2243 animos
894 2194 956 2242 est
993 2205 1237 2257 expertus,
1273 2189 1528 2240 convocari

239 2268 448 2316 tribunos
462 2305 476 2325 ‚
499 2268 819 2332 praefeEIosque
834 2305 849 2329 ,
882 2270 932 2316 &
958 2266 1129 2330 equites
1148 2282 1306 2315 omnes
1320 2301 1333 2324 ‚
1354 2266 1403 2312 δέ
1423 2278 1527 2310 cenm

240 2342 443 2390 turiones
463 2342 595 2404 juffit.
628 2345 803 2404 Tempus
820 2378 835 2400 ,
865 2340 1041 2405 inquit,
1068 2344 1181 2402 quod
1198 2342 1309 2401 saepe
1331 2337 1529 2401 optastis,

240 2417 356 2464 venit
368 2451 387 2477 ,
418 2435 499 2479 quo
517 2418 635 2469 vobis
657 2418 839 2485 potestas
856 2416 976 2476 fieret
997 2417 1187 2466 ‘Virtutem
1215 2414 1380 2479 vestram
1401 2410 1528 2476 <ssew
