1592 2724
181 153 274 202 234
544 136 1103 190 T1T1L1V11

175 243 264 291 suis
280 245 485 292 ardorem
498 282 511 305 ,
530 258 624 292 tum
646 262 866 308 pavorem
885 246 1110 306 hostibus,
1128 247 1295 311 injecit.
1317 250 1462 315 pluri-³

176 335 278 366 mos
292 337 428 368 manu
447 321 521 368 sua
539 323 749 369 cominus
769 323 1033 385 eminusque
1053 324 1316 373 vulneratos
1334 338 1461 373 com-³

177 391 418 457 pulsosque
439 394 484 439 in
505 407 682 457 portam
701 432 715 452 ,
738 395 1005 444 consecutus
1027 400 1075 444 &
1094 397 1184 460 ipse
1203 434 1216 456 ‚
1241 416 1343 446 cum
1363 417 1463 446 ma-

173 461 321 524 jorem
352 466 399 511 in
432 467 641 530 angustiis
672 470 994 530 trepidantium
1027 470 1226 517 edidisset
1261 473 1426 519 caedem
1446 508 1460 531 ‚

173 534 222 581 in
240 539 482 584 temerario
502 539 687 602 incepto
705 552 851 587 tutum
870 555 1021 588 tamen
1034 555 1264 605 receptum
1284 543 1437 591 habuit
1449 563 1464 592 τ

173 611 281 671 quia
296 648 310 669 ,
330 613 406 674 qui
426 614 471 657 in
491 613 690 658 turribus
717 626 864 675 portae
886 627 1034 672 erant,
1060 615 1328 664 sustinebant
1347 617 1461 676 tela,

173 699 232 729 ne
265 684 313 730 in
350 685 601 746 permixtos
641 685 845 733 hostibus
877 687 979 734 suos
1014 688 1303 750 conjicerent.
1344 692 1463 737 Intra

174 772 331 802 muros
349 756 508 803 deinde
524 759 781 805 tenentibus
800 760 962 806 milites
978 762 1339 821 Atheniensibus,
1356 763 1462 808 Phi-

172 828 324 891 lippus
341 864 355 884 ,
383 829 512 894 signo
546 832 748 894 receptui
770 832 873 879 dato
890 870 904 889 ‚
933 835 1068 880 castra
1097 836 1150 880 ad
1175 835 1462 900 Cynosarges

173 901 425 965 (templum
449 905 680 961 Herculis,
709 907 1102 970 gymnasiumque,
1126 909 1175 956 δε
1205 909 1334 956 lucus
1364 923 1460 958 erat

172 974 516 1039 circumjefihis)
540 975 704 1038 posuit.
734 976 807 1023 sed
825 970 1148 1043 Cynosarges,
1167 982 1217 1027 &
1232 982 1461 1044 Lyceum,

173 1045 225 1092 &
248 1045 468 1111 quidquid
495 1049 630 1096 sancti
660 1050 895 1097 amoenive
927 1053 1045 1099 circa
1071 1052 1228 1098 urbem
1256 1066 1376 1112 erat,
1393 1053 1462 1099 in-

173 1119 357 1167 censum
382 1122 470 1180 est,
502 1124 735 1188 dirutaque
765 1141 861 1171 non
889 1127 1001 1173 testa
1030 1125 1206 1183 solum,
1236 1124 1461 1175 sedetiam

172 1192 375 1256 sepulcra
396 1215 407 1242 ε
438 1213 521 1244 nec
541 1197 683 1244 divini
706 1198 952 1248 humanive
976 1197 1087 1259 juris
1105 1197 1349 1261 quidquam
1367 1215 1462 1262 prae

172 1266 419 1330 impotenti
450 1269 515 1316 ira
557 1269 619 1316 est
638 1270 878 1318 servatum.

236 1343 389 1389 XXV.
426 1342 610 1390 Postero
644 1343 743 1402 die,
779 1361 881 1391 cum
910 1343 1060 1406 primo
1089 1343 1245 1392 clausae
1280 1343 1462 1391 fuissent

173 1425 347 1475 portae,
379 1413 539 1460 deinde
569 1413 716 1461 subito
751 1427 946 1479 apertae,
973 1416 1075 1477 quia
1105 1417 1355 1479 praesidium
1377 1418 1462 1462 At-

173 1486 249 1531 tali
276 1487 331 1532 ab
350 1487 508 1550 AEgina
527 1523 540 1546 ‚
573 1488 859 1552 Romanique
888 1489 945 1535 ab
974 1489 1147 1536 Piraeeo
1182 1490 1473 1536 intraverant

173 1561 331 1607 urbem
346 1597 359 1618 ‚
383 1562 520 1609 castra
551 1564 606 1609 ab
628 1564 737 1609 urbe
771 1563 922 1609 retulit
941 1579 1021 1609 rex
1054 1563 1140 1609 tria
1163 1563 1300 1610 ferme
1319 1564 1458 1609 millia

172 1635 387 1696 passuum.
416 1637 519 1682 inde
539 1637 789 1684 Eleusinem
822 1637 1075 1700 profectus,
1107 1636 1181 1699 spe
1200 1635 1460 1699 improviso

172 1709 330 1770 templi
364 1709 615 1773 castellique
632 1747 646 1768 ‚
682 1710 807 1774 quod
834 1711 884 1757 δε
906 1708 1110 1755 imminet
1130 1711 1179 1756 &
1206 1708 1462 1755 circumda-

172 1799 268 1830 tum
297 1785 359 1831 est
389 1785 588 1848 templO,
620 1786 854 1847 capiendi,
882 1801 985 1832 cum
1003 1784 1351 1847 haudquaquam
1376 1799 1459 1829 ne-

172 1856 332 1917 glefflas
359 1858 582 1906 custodias
613 1857 1017 1916 animadvertisset,
1051 1859 1103 1905 &
1131 1857 1306 1903 classem
1335 1874 1359 1904 a
1384 1858 1459 1904 Pi-

175 1942 295 1973 raeeo
331 1929 522 1976 subsidio
545 1935 702 1977 venire
721 1968 734 1989 9
767 1930 930 1977 omisso
959 1929 1173 1992 incepto,
1202 1930 1459 1991 Megaram,

171 2015 224 2045 ac
246 2001 451 2061 protinus
468 2002 740 2049 Corinthum
760 2003 893 2050 ducit.
921 2003 970 2049 &
991 2018 1093 2049 cum
1110 2000 1238 2063 Argis
1262 2001 1459 2048 Achaeo-

172 2087 274 2117 rum
294 2074 540 2120 concilium
562 2075 644 2121 effe
665 2075 850 2121 audisset
868 2110 883 2133 ,
900 2073 1243 2136 inopinantibus
1255 2072 1457 2132 Achaeis‚

173 2145 391 2192 concioni
413 2147 492 2209 ipsi
516 2147 787 2209 supervenit.
815 2147 1146 2195 Consultabant
1165 2147 1218 2192 de
1235 2146 1357 2193 bello
1377 2147 1459 2193 ad-

175 2218 330 2265 versus
365 2221 516 2266 Nabin
553 2237 802 2284 tyrannum
835 2220 1317 2269 Lacedaemoniorum:
1350 2219 1457 2282 qui,

173 2292 389 2337 translato
406 2292 597 2356 imperio
613 2311 635 2340 a
649 2294 997 2356 Philopoemene
1014 2294 1066 2339 ad
1080 2293 1371 2356 Cycliadem,
1391 2307 1459 2336 ne·

173 2377 395 2424 quaquam
416 2380 565 2426 parem
587 2364 652 2410 illi
671 2364 853 2423 ducem,
876 2364 1039 2427 dilapsa
1059 2380 1244 2411 cernens
1259 2362 1456 2409 Achaeo-

176 2451 274 2482 rum
297 2437 492 2497 auxilia,
516 2438 899 2502 redintegraverat
929 2438 1125 2495 bellum,
1155 2434 1370 2500 agrosque
1400 2432 1473 2485 fi*-
