1592 2724
162 161 228 210 94
516 141 1077 191 T1T1L1v11

154 253 329 312 ficturos
343 287 360 307 ‚
392 268 514 311 quam
535 251 622 311 sub
658 255 806 297 amicis
840 251 1246 317 Carthaginietfibzcs
1265 242 1445 311 suerint}

166 323 262 386 lpse
278 359 292 381 ‚
313 325 374 382 Q.
397 321 617 369 Pleminio
640 323 788 386 legato
810 322 1106 386 praefidioque
1121 358 1136 380 ,
1156 324 1279 386 quod
1299 339 1448 370 arcem

166 407 372 458 ceperat,
387 396 669 442 adtuendam
690 398 844 442 urbem
868 396 1046 453 roffio,
1065 413 1166 442 eum
1188 396 1349 459 quibus
1367 412 1451 442 ve·-

167 478 293 513 nerat
309 466 478 529 copiis,
496 467 732 513 Mess'anam
749 467 935 527 trajecit.
956 469 1017 513 Ita
1032 467 1214 529 superbe
1233 468 1453 514 &crude-

165 540 269 586 liter
288 539 427 585 habiti
445 539 686 587 Locrenses
708 540 764 586 ab
783 539 1221 602 Carthaginiensibus
1248 539 1347 601 post
1372 539 1451 584 de·-

168 613 411 660 seffionem
431 612 486 658 ab
513 613 729 658 Romanis
752 612 947 670 fuerant,
970 625 1021 658 ut
1045 614 1246 659 modicas
1268 611 1452 673 injurias

167 701 267 730 non
281 700 413 747 aequo
437 684 579 729 modo
600 685 751 731 animo
771 685 890 747 pati,
910 682 984 730 fed
999 701 1142 747 prope
1162 677 1331 731 lubenti
1346 684 1453 747 pos-

166 758 276 805 sent.
303 774 464 803 verum
488 758 725 803 enimvero
756 770 929 804 tantum
956 757 1198 803 Pleminius
1225 757 1453 803 Hamilca-

169 849 266 879 rem
296 830 486 893 praefidii
514 831 794 893 praefec‘lum,
813 843 983 877 tantum
1010 830 1265 892 praesidiarii
1293 829 1457 878 milites

167 903 369 950 Romani
390 905 557 950 Poenos
576 904 736 951 scelere
753 903 883 967 atque
901 903 1088 951 avaritia
1106 902 1456 966 superaverunt,

168 990 223 1024 ut
258 993 355 1022 non
386 977 547 1033 armis,
581 976 654 1022 sed
690 975 813 1023 vitiis
855 975 1085 1022 videretur
1121 975 1294 1021 certari.
1343 973 1457 1019 nihil

172 1049 406 1105 omnium,
442 1065 542 1111 quae
573 1048 703 1111 inopi
739 1047 904 1095 invisas
938 1063 1048 1110 opes
1084 1046 1354 1110 potentioris
1388 1046 1456 1092 fa-

170 1123 300 1170 tiunt
315 1157 329 1178 ,
349 1121 687 1183 praetermissum
720 1121 765 1166 in
788 1120 1043 1184 oppidanos
1065 1119 1125 1166 est
1146 1120 1200 1166 ab
1222 1120 1357 1178 duce,
1381 1129 1459 1166 aut

170 1212 197 1241 a
231 1194 479 1241 militibus:
517 1193 564 1239 in
601 1209 797 1256 corpora
834 1193 1064 1256 ipsorum,
1106 1193 1152 1238 in
1186 1191 1376 1249 liberos,
1409 1192 1458 1238 in

173 1265 391 1329 conjuges
417 1264 612 1312 infandae
642 1266 931 1312 contumeliae
951 1265 1096 1312 editae.
1122 1265 1238 1310 Nam
1267 1263 1457 1310 avaritia

175 1356 232 1386 ne
254 1339 479 1385 sacrorum
499 1338 682 1401 quidem
713 1338 993 1401 spoliatione
1010 1336 1222 1383 abstinuit
1241 1351 1252 1380 :
1273 1353 1354 1383 nec
1375 1335 1460 1382 alia

175 1412 320 1460 modo
337 1411 502 1473 templa
521 1411 716 1469 violata,
737 1412 810 1458 sed
835 1410 1113 1474 Proserpinae
1134 1410 1287 1463 etiam,
1309 1408 1462 1455 intaffi

177 1483 303 1532 omni
324 1493 453 1529 aetate
466 1519 481 1541 ‚
498 1483 714 1539 thesauri3
737 1495 1033 1546 praeterquam
1061 1481 1185 1544 quod
1203 1497 1227 1526 a
1247 1480 1428 1543 Pyrrho
1445 1513 1462 1536 ‚

176 1558 261 1623 qui
284 1575 387 1605 cum
409 1575 576 1622 magno
598 1554 777 1621 piaculo
805 1555 1022 1619 sacrilegii
1051 1554 1115 1601 sui
1136 1554 1365 1600 manubias
1387 1569 1461 1599 re-

177 1632 306 1688 tulit,
323 1631 501 1695 spoliati
522 1632 797 1679 dicebantur.
826 1633 946 1694 Ergo
968 1630 1080 1677 ficut
1100 1641 1202 1675 ante
1227 1629 1360 1691 regiae
1379 1645 1462 1674 na-

179 1722 261 1753 ves
273 1742 287 1764 ,
313 1706 517 1757 laceratae
553 1704 820 1769 naufragiis,
858 1704 968 1751 nihil
997 1704 1044 1750 in
1075 1716 1238 1750 terram
1269 1702 1462 1765 integri,

178 1788 341 1841 praeter
360 1777 524 1825 sacram
554 1779 793 1840 pecuniam
814 1779 929 1825 Deae
946 1814 959 1836 ‚
985 1794 1116 1840 quam
1152 1776 1464 1838 asportabant,

178 1848 459 1903 extulerant3
490 1861 583 1895 tum
609 1866 794 1913 quoque
825 1849 914 1895 alio
949 1864 1109 1912 genere
1143 1847 1276 1894 cladis
1311 1846 1463 1893 eadem

180 1919 256 1966 illa
287 1921 709 1982 pecuniaomnibus
732 1920 947 1968 contaffis
968 1937 1017 1967 ea
1035 1918 1288 1965 violatione
1310 1916 1464 1979 templi

180 1995 380 2042 furorem
409 1996 604 2058 objecit,
629 2009 760 2058 atque
792 1995 908 2042 inter
938 1993 980 2040 se
1011 1994 1171 2039 ducem
1198 1992 1246 2038 in
1279 1992 1464 2050 ducem,

179 2067 369 2115 militem
389 2067 435 2113 in
452 2068 639 2117 militem
660 2067 779 2132 rabie
799 2065 951 2112 hostili
972 2064 1121 2112 vertit.

247 2141 330 2187 IX.
362 2142 554 2187 Summae
575 2140 639 2186 rei
653 2130 895 2186 Pleminius
925 2151 1135 2201 praeerat:
1155 2137 1346 2184 militum
1365 2154 1467 2199 pars

182 2213 265 2261 sub
295 2230 352 2260 eo
369 2250 382 2273 ‚
405 2230 540 2277 quam
566 2213 656 2276 ipse
685 2214 739 2259 ab
766 2212 941 2275 Rhegio
971 2212 1236 2268 abduxerat,
1260 2226 1358 2272 pars
1386 2209 1465 2255 sub

182 2286 374 2334 tribunis
400 2300 506 2335 erat.
536 2289 687 2349 Rapto
719 2285 890 2347 poculo
925 2298 1137 2348 argenteo
1165 2300 1222 2330 ex
1249 2281 1464 2343 oppidani

184 2359 327 2405 domo
355 2358 557 2405 Pleminii
585 2359 710 2404 miles
729 2357 901 2419 fugiens
920 2395 936 2415 ‚
957 2355 1243 2419 seq-*uentibus
1270 2370 1467 2416 quorum

183 2445 279 2478 erat
293 2462 309 2489 ,
334 2431 500 2482 obvius
518 2431 638 2480 forte
654 2429 811 2495 Sergio
830 2432 881 2479 ὃς
902 2431 1107 2480 Matieno
1135 2429 1327 2478 tribunis
1348 2427 1469 2485 mili<
