1592 2724
228 144 320 204 362
580 138 1148 188 T1T1L1v11

222 259 357 310 penta
376 245 701 310 quadringenta
720 245 901 310 triginta
929 247 1020 293 duo
1034 285 1047 303 ,
1068 248 1119 294 &
1152 263 1311 294 aureos
1331 259 1521 312 torques

221 321 416 378 multos,
440 337 495 366 ex
526 320 687 381 quibus
716 337 856 365 unum
887 320 1038 383 magni
1064 321 1278 382 ponderis
1298 322 1517 370 Claudius

220 393 267 438 in
302 393 538 455 Capitolio
574 393 680 440 Jovi
716 392 889 438 donum
917 392 963 438 in
997 392 1091 438 aede
1121 392 1314 455 potitum
1351 393 1517 441 scribit.

221 466 376 514 Castra
404 483 461 512 eo
496 467 566 512 die
598 465 837 512 Gallorum
869 478 1123 529 expugnata
1153 465 1440 529 direptaque:
1467 469 1519 515 &

221 541 419 586 Comum
438 539 658 601 oppidum
675 537 794 584 intra
811 538 903 585 dies
925 556 1090 600 paucos
1112 552 1307 602 captum.
1327 540 1518 587 Castella

219 613 324 659 inde
347 612 682 675 duodetriginta
700 612 756 657 ad
778 613 1007 659 consulem
1029 612 1309 660 defecerunt.
1331 614 1379 659 ld
1397 629 1518 676 quo-

219 703 308 749 que
348 686 465 731 inter
513 685 754 747 scriptores
793 684 1058 749 ambigitur,
1096 698 1247 732 utrum
1296 685 1342 730 in
1378 684 1522 745 Bojos

220 759 373 823 prius,
410 776 467 806 an
503 759 732 815 Insubres,
774 758 934 805 consui
969 759 1219 806 exercitum
1258 758 1517 816 induxerit,

220 835 539 898 adversamque
571 834 787 898 prospera
815 851 963 899 pugna
996 834 1338 882 obliteraverit:
1359 852 1413 881 an
1440 833 1522 881 vi-

220 909 359 957 &oria
376 945 390 968 ,
410 910 464 956 ad
495 911 696 958 Comum
719 920 844 972 parta
858 944 876 968 ,
893 907 1146 956 deformata
1173 908 1297 955 clade
1326 909 1373 955 in
1390 909 1516 970 Bops

222 996 408 1047 accepta
426 984 491 1031 fit.

288 1058 525 1103 XXXVII.
557 1056 646 1102 Sub
675 1056 771 1104 haec
801 1066 891 1102 tam
922 1055 1044 1102 varia
1075 1054 1261 1102 fortuna
1291 1054 1407 1117 gesta
1426 1090 1439 1112 ,
1469 1053 1525 1106 L„

223 1129 385 1176 Furius
406 1129 640 1191 Purpureo
660 1130 770 1175 alter
793 1127 949 1175 consui
970 1144 1048 1189 per
1077 1128 1243 1174 tribum
1262 1127 1519 1190 Sappiniam

221 1203 269 1248 in
294 1200 432 1262 Boios
453 1201 592 1248 venit.
615 1202 707 1248 Jam
730 1199 876 1247 castro
898 1199 1070 1246 Mutilo
1093 1199 1518 1262 appropinquabat,

221 1292 325 1321 cum
340 1309 354 1332 ,
375 1272 544 1320 veritus
568 1290 623 1319 ne
642 1273 1022 1321 interchtderetur
1044 1272 1172 1318 fimul
1199 1291 1222 1319 a
1244 1272 1365 1333 Bojis
1384 1271 1520 1334 Ligu-

221 1345 457 1409 ribusque,
490 1346 641 1392 eadem
666 1347 765 1405 via,
801 1363 888 1408 qua
921 1346 1193 1402 adduxerat,
1227 1345 1434 1401 reduxit,
1467 1346 1519 1393 &

220 1435 389 1483 magno
409 1418 602 1466 circuitu
623 1436 701 1482 per
727 1433 901 1483 aperta,
922 1436 1064 1482 eaque
1084 1432 1177 1466 tuta
1199 1420 1323 1476 loca,
1346 1420 1398 1465 ad
1420 1418 1519 1465 col-

220 1493 364 1555 legam
402 1492 626 1555 pervenit.
671 1491 773 1539 dein
811 1491 971 1554 junEtis
1007 1492 1278 1539 exercitibus
1322 1491 1519 1553 primum

222 1563 440 1625 Bojorum
464 1580 617 1627 agrum
637 1563 777 1628 usque
798 1565 853 1610 ad
877 1563 1092 1610 Felfinam
1115 1564 1333 1626 oppidum
1364 1579 1517 1625 popu-

222 1639 368 1685 lantes
397 1650 766 1702 peragraverunt.
798 1641 859 1684 Ea
881 1637 1016 1695 urbs,
1049 1649 1288 1699 ceteraque
1315 1636 1487 1682 castella
1502 1670 1524 1694 ,⁴

221 1714 270 1759 &
289 1709 389 1772 Boji
411 1710 501 1757 fere
533 1727 718 1768 omnes,
746 1722 909 1772 praeter
934 1708 1219 1770 juventutem
1234 1745 1250 1766 ‚
1269 1726 1371 1772 quae
1400 1726 1523 1771 prae--⁷

220 1783 355 1829 dandi
389 1782 515 1829 causa
543 1782 589 1828 in
619 1782 752 1828 armis
785 1794 905 1839 erat,
939 1780 1079 1845 (tunc
1111 1780 1159 1826 in
1194 1781 1349 1827 devias
1382 1780 1517 1828 filvas

219 1856 473 1920 recesserat)
495 1856 541 1903 in
562 1857 842 1904 deditionem
862 1868 1100 1902 venerunt.
1118 1857 1167 1900 In
1187 1854 1370 1918 Ligures
1389 1854 1519 1901 dein-

221 1931 276 1976 de
302 1930 530 1978 traduffim
565 1931 807 1978 exercitus.
840 1930 940 1992 Boji
974 1928 1272 1993 negligentius
1306 1929 1523 1976 coafitum

220 2019 381 2068 agmen
409 2004 758 2060 Romanorum,
786 2004 892 2067 quia
916 2003 996 2065 ipsi
1032 2002 1197 2065 procul
1224 2003 1363 2049 abeffe
1382 2002 1517 2049 vide-

221 2090 404 2136 rentur,
427 2077 684 2139 improviso
707 2078 980 2141 aggressuros
999 2076 1040 2122 se
1062 2076 1169 2132 rati,
1202 2092 1280 2137 per
1306 2075 1517 2122 occultos

220 2147 356 2194 saltus
383 2148 520 2195 secuti
550 2147 666 2196 sunt.
709 2165 826 2211 quos
859 2165 955 2195 non
981 2148 1155 2211 adepti,
1179 2143 1301 2194 Pado
1332 2160 1516 2209 repente

221 2220 415 2267 navibus
435 2220 619 2282 traje&o
635 2259 648 2280 ,
666 2225 831 2269 Laevos
854 2222 1109 2286 Libuosque
1138 2238 1239 2269 cum
1268 2219 1517 2284 pervastas-

221 2294 348 2353 sent,
379 2295 615 2342 redeuntes
650 2295 754 2342 inde
786 2296 997 2359 Ligurum
1029 2307 1235 2342 extremo
1268 2294 1383 2352 fine,
1412 2309 1514 2340 cum

220 2367 380 2431 agresti
405 2369 578 2431 praeda,
603 2368 649 2415 in
674 2387 832 2434 agmen
852 2370 1060 2416 incidunt
1078 2370 1350 2415 Romanurn.
1382 2367 1516 2411 Cele-

218 2440 312 2487 rius
337 2442 556 2506 proelium
586 2442 819 2508 acriusque
850 2441 1158 2502 commissum,
1177 2457 1308 2505 quam
1337 2438 1371 2484 fi
1395 2450 1518 2491 teme«
