1592 2724
297 144 1220 227 nis-romARuMLiss.xx1x.
1314 194 1399 243 115

125 287 317 335 comiter
339 287 533 350 acceptis
552 286 733 350 postero
755 283 824 331 die
840 285 1087 331 terrestrem
1109 286 1408 352 navalemque

125 359 374 417 exercitus,
396 377 490 406 non
516 359 752 406 instru&os
773 357 940 414 modo,
969 357 1040 403 sed
1059 359 1143 404 hos
1164 360 1407 408 decurren-

124 441 190 476 tes
204 467 216 485 ,
235 431 407 477 class'em
432 432 477 478 in
500 442 655 493 portu,
672 428 953 475 simulacrum
974 430 1022 476 δέ
1046 429 1181 491 ipsam
1201 432 1409 480 edentem

126 504 301 550 navalis
335 521 521 566 pugnae,
551 501 746 549 ostendit
765 519 775 548 :
796 514 889 546 tum
917 500 1034 548 circa
1068 506 1407 553 armamentaria

125 577 177 625 &
199 578 358 624 horrea
380 577 605 637 aliumque
629 573 736 621 belli
759 589 1014 635 apparatum
1033 574 1264 621 visendum
1292 595 1408 638 prae-

127 662 203 696 tor
223 650 443 713 legatique
463 648 597 695 ducti„
621 649 858 707 Tantaque
883 646 1118 692 admiratio
1138 648 1407 712 lingularum

127 722 525 786 universarumque
549 731 712 767 rerum*
729 719 921 776 inmuta,
950 732 1000 766 ut
1021 720 1120 766 satis
1152 723 1406 783 crederent,

131 809 206 844 aut
226 796 307 843 illo
337 798 447 845 duce
472 810 602 860 atque
623 796 822 843 exercitu
855 794 979 840 vinci
1000 794 1410 858 Carthaginiensem

129 871 354 934 populum
369 906 382 929 ‚
405 883 481 917 aut
504 871 630 916 nullo
650 870 740 916 alio
764 868 910 931 posse:
934 867 1225 932 juberentque
1240 907 1254 927 ,
1285 873 1411 934 quod

129 945 213 993 Dii
242 947 356 993 bene
389 956 645 1000 verterent,
674 943 904 1004 trajicere,
938 944 987 989 &
1020 942 1110 1005 spei
1142 958 1374 1007 conceptae
1394 983 1410 1005 ‚

130 1036 224 1082 quo
257 1020 327 1065 die
359 1019 483 1065 illum
519 1033 678 1064 omnes
713 1015 923 1063 centurie-e
950 1016 1148 1078 priorem
1178 1019 1410 1068 consulem

132 1092 341 1138 dixiffent
359 1126 372 1150 ,
388 1091 537 1154 primo
558 1107 739 1153 quoque
763 1101 966 1151 tempore
986 1102 1244 1152 compotem
1266 1109 1411 1155 popu-

132 1164 229 1211 lum
261 1166 518 1210 Romanum
548 1163 694 1209 facere
716 1162 948 1225 :adeoque
979 1162 1088 1208 laetis
1121 1163 1223 1209 inde
1254 1167 1414 1215 animis

134 1236 325 1300 profe-&i
347 1236 468 1293 sunt,
489 1247 699 1299 tanquam
719 1235 952 1281 vittofiam
968 1271 981 1293 ,
1001 1253 1094 1282 non
1116 1236 1220 1282 belli
1240 1240 1415 1302 magni-

133 1311 269 1359 ficum
288 1327 545 1374 apparatum
563 1347 576 1367 ‚
600 1310 846 1356 nuntiaturi
871 1311 1062 1356 Romam
1085 1311 1234 1358 effent.
1254 1313 1416 1361 Plemi-

137 1385 264 1442 nius,
289 1385 459 1448 quique
486 1385 532 1430 in
555 1385 705 1430 eadem
734 1381 861 1429 causa
884 1395 1032 1437 erant,
1052 1383 1285 1446 postquam
1315 1388 1415 1434 Ro-

136 1474 253 1504 mam
284 1457 345 1502 est
379 1467 597 1512 ventum,
631 1455 861 1517 extemplo
895 1455 941 1499 in
972 1467 1192 1501 carcerem
1228 1460 1416 1508 conditi.

74 1527 76 1529 ’
137 1544 190 1574 ac
216 1527 599 1589 primo'produffi
631 1527 685 1572 ad
710 1527 930 1588 populum
963 1526 1018 1571 ab
1050 1526 1267 1583 tribunis,
1298 1531 1417 1590 apud

138 1614 482 1666 praeoccupatos
518 1600 806 1647 Locrensium
850 1600 972 1646 clade
1007 1600 1204 1659 animos,
1244 1604 1419 1651 nullum

139 1675 457 1722 misericordiae
477 1674 630 1719 locum
650 1674 914 1719 habuerunt.
936 1672 1087 1735 postea
1104 1708 1117 1730 ,
1139 1691 1237 1721 cum
1259 1674 1420 1738 {cepitis

138 1747 523 1812 producerentur,
547 1744 633 1806 jam
656 1745 905 1792 senescente
929 1744 1099 1792 invidia
1115 1780 1128 1802 ,
1150 1747 1421 1794 mollieban-

139 1831 215 1867 tur
235 1820 340 1865 irae:
361 1821 410 1866 &
440 1818 530 1880 ipsa
559 1817 818 1865 deformitas
845 1816 1051 1862 Pleminii
1072 1852 1084 1874 ,
1114 1819 1422 1883 memoriaque

142 1892 332 1940 absentis
360 1891 604 1954 Scipionis,
625 1890 827 1937 favorem
849 1890 903 1936 ad
928 1889 1113 1952 vulgum
1137 1890 1425 1940 conciliabat.

143 1968 353 2013 Mortuus
369 1977 518 2012 tamen
537 1964 656 2027 prius
676 1963 722 2009 in
740 1961 935 2009 vinculis
953 1961 1039 2018 est,
1059 1979 1192 2026 quam
1207 1962 1425 2024 judicium

144 2040 200 2086 de
226 2052 282 2085 eo
300 2038 457 2101 populi
476 2036 774 2100 perficeretur.
795 2038 930 2082 Hunc
950 2036 1214 2083 Pleminium
1233 2038 1426 2086 Clodius

146 2109 345 2167 Licinius
376 2110 422 2156 in
447 2109 564 2155 libro
592 2109 728 2155 tertio
757 2125 903 2154 rerum
932 2107 1237 2155 Romanarum
1268 2108 1428 2166 refert,

146 2184 264 2231 ludis
286 2182 462 2230 votivis
478 2218 492 2241 ,
511 2198 628 2244 quos
650 2183 810 2227 Romoe
831 2179 1066 2227 Africanus
1086 2180 1246 2228 iterum
1271 2180 1430 2228 consul

150 2255 362 2314 faciebat,
384 2266 596 2301 conatum
630 2269 709 2316 per
739 2252 979 2315 quosdam,
1003 2269 1120 2316 quos
1148 2252 1292 2315 pretio
1323 2269 1430 2300 cor-

150 2339 355 2391 ruperat,
376 2327 547 2389 aliquot
566 2327 680 2374 locis
698 2327 854 2373 urbem
875 2329 1136 2385 incendere,
1156 2339 1206 2373 ut
1222 2327 1431 2388 frangen-

150 2401 197 2446 di
227 2399 412 2447 carceris
442 2399 732 2463 fugiendique
762 2400 942 2447 haberet
971 2400 1270 2447 occasionem,
1303 2410 1431 2460 pate-2·

152 2472 271 2521 facto
291 2473 394 2521 dein
417 2472 602 2532 scelere,
620 2472 870 2536 delegatum
889 2472 938 2520 in
957 2470 1216 2587 Tullssnum
1235 2485 1291 2516 ex
1310 2468 1430 2521 sena-⁴

1144 2557 1170 2587 2
