1592 2724
290 175 828 225 HtsToRiARUM
874 180 1000 226 ΜΒ.
1043 180 1259 229 ΧΧνιῐῐ.
1366 196 1418 248 51

133 282 222 333 sese
253 296 544 332 avertentem.
577 286 670 332 Jam
701 282 746 329 in
781 283 871 346 ipsa
902 301 1050 347 pugna
1077 286 1198 345 haec,
1222 306 1323 336 cum
1353 290 1426 336 in-

135 357 250 404 festo
284 356 433 403 rostro
470 368 637 418 peteret
667 353 861 400 hostium
898 371 1088 413 navem,
1120 359 1304 421 obliqua
1336 360 1426 423 ipsa

132 429 270 477 iilum
291 429 471 474 alterius
491 425 621 472 rostri
640 425 890 488 accipiebat
911 445 920 472 ε
938 426 1037 484 illa,
1057 445 1157 474 cum
1179 430 1427 480 transversa

132 502 408 564 objiceretur
427 499 539 547 hosti
552 535 566 556 ‚
580 513 762 561 repente
782 500 952 546 intorta
969 499 1014 545 in
1035 518 1213 564 proram
1231 504 1430 552 circum-

135 576 361 640 agebatur.
391 576 510 620 Cum
530 572 646 617 inter
675 572 876 617 triremes
892 608 905 630 ‚
925 572 1105 620 fortuna
1124 589 1326 639 regente,
1345 597 1429 643 an-

136 667 241 714 ceps
271 648 482 712 proelium
513 646 802 703 misceretur,
829 644 1167 711 quinqueremis
1195 652 1428 716 Romana,

135 724 211 771 seu
239 722 438 784 pondere
464 720 697 776 tenacior,
721 719 793 764 seu
818 719 1020 781 pluribus
1040 738 1270 770 remorum
1301 730 1430 774 ordi-

133 796 268 843 nibus
287 794 588 841 scindentibus
610 792 835 851 vortices,
860 811 959 840 cum
980 793 1155 841 facilius
1177 813 1428 864 regeretur,

133 870 243 916 duas
262 868 464 915 triremes
487 867 739 930 suppressit,
760 868 893 914 unius
918 869 1094 930 praelata
1117 871 1285 933 impetu
1315 875 1429 923 late-

133 943 196 991 ris
228 943 403 989 alterius
438 958 585 988 remos
616 942 806 990 detersit.
849 942 1125 1005 ceterasque,
1160 962 1268 1006 quas
1302 948 1428 998 inde-

131 1028 209 1080 pta
229 1017 355 1072 effer,
372 1015 618 1070 mulcaffet,
637 1014 680 1060 ni
700 1031 799 1060 cum
819 1014 998 1077 reliquis
1016 1016 1217 1080 quinque
1235 1023 1428 1073 navibus

134 1089 361 1136 Adherbal
384 1088 497 1133 velis
526 1088 569 1132 in
592 1087 791 1133 Africam
814 1087 1123 1134 transmififfet.

201 1162 376 1208 XXXI.
403 1160 593 1216 Laelius,
625 1160 774 1206 viGtor
801 1159 1022 1220 Cat-tejam
1046 1163 1248 1208 revcehm
1266 1200 1278 1219 ‚
1302 1166 1429 1213 audi-

135 1234 219 1292 tis,
239 1250 337 1296 quae
371 1233 463 1279 aEla
496 1231 698 1278 Gadibus
728 1244 878 1289 erant,
903 1233 1162 1294 patefn&am
1196 1239 1427 1298 proditio-

134 1323 263 1365 nem,
292 1305 643 1369 conjuratosque
672 1306 822 1352 missos
853 1308 1197 1371 Carthaginem,
1220 1312 1339 1374 {pem
1371 1315 1427 1362 ad

133 1380 311 1428 irritum
330 1379 574 1433 reclafi'sam,
598 1396 684 1442 qua
705 1379 925 1426 venissent
940 1417 952 1437 ,
976 1382 1146 1429 nuntiis
1165 1384 1217 1428 ad
1238 1387 1284 1431 L.
1305 1389 1427 1434 Mar-

136 1453 261 1499 cium
281 1451 415 1497 miffis
430 1487 443 1509 ‚
469 1451 549 1496 nisi
570 1451 598 1496 fi
621 1463 760 1497 terere
789 1452 944 1498 frustra
964 1465 1138 1516 tempus
1159 1455 1349 1506 sedendo
1371 1462 1427 1508 ad

137 1524 286 1571 Gades
320 1523 490 1569 vellent
505 1559 518 1581 ‚
556 1525 830 1570 redeundum
868 1525 921 1570 ad
960 1525 1273 1587 imperatorem
1309 1533 1392 1579 effe
1409 1569 1428 1593 ,

137 1595 398 1644 assentiente
427 1596 603 1643 Marcio
618 1633 630 1653 ,
653 1612 822 1659 paucos
846 1598 944 1658 post
965 1598 1055 1644 dies
1085 1600 1218 1647 ambo
1238 1604 1426 1652 Cartha-

136 1669 284 1733 ginem
310 1668 495 1715 rediere.
515 1668 583 1713 Ad
607 1685 803 1731 quorum
825 1669 1051 1715 discessum
1075 1688 1165 1717 non
1188 1673 1426 1736 respiravit

136 1744 279 1792 modo
306 1746 441 1807 Mago
457 1780 470 1802 ,
494 1761 594 1790 cum
615 1755 730 1790 terra
762 1746 964 1807 marique
988 1746 1168 1809 ancipiti
1194 1766 1313 1798 metu
1345 1772 1425 1801 ur-

136 1831 342 1882 geretur3
379 1818 451 1863 sed
490 1817 647 1872 etiam,
685 1818 833 1863 audita
870 1819 1117 1867 rebellione
1157 1822 1423 1888 Ilergetum,

141 1890 262 1950 spem
293 1891 611 1951 recuperandae
640 1890 864 1952 Hispaniae
892 1893 1062 1940 naEluS.
1101 1896 1285 1944 nuntios
1308 1900 1426 1946 Car-

139 1961 366 2024 thaginem
387 1961 441 2007 ad
464 1961 662 2008 senatum
693 1962 855 2017 mittit3
878 1963 953 2025 qui
969 2000 982 2020 ,
1004 1964 1129 2010 simul
1158 1965 1423 2020 seditionem

142 2034 322 2081 civilem
350 2033 396 2079 in
429 2034 576 2080 castris
610 2034 851 2091 Romanis,
881 2036 1006 2081 simul
1029 2037 1325 2088 defcffimoem
1351 2044 1429 2094 so-T

139 2104 314 2150 ciorum
348 2102 394 2148 in
426 2104 566 2165 majus
599 2105 749 2151 verbis
781 2107 1077 2166 extollentes,
1108 2110 1424 2174 hortarentur,

139 2187 189 2222 ut
212 2174 375 2221 auxilia
395 2175 643 2233 mitterent,
661 2179 820 2240 quibus
841 2179 1049 2226 traditum
1079 2199 1101 2228 3
1125 2184 1319 2244 patribus
1338 2187 1425 2232 im-

139 2248 312 2311 perium
336 2247 561 2310 Hispaniae
589 2250 729 2311 repeti
750 2251 906 2312 posset.
933 2253 1207 2301 Mandonius
1229 2259 1277 2303 &
1299 2259 1424 2304 Indi-

139 2321 240 2367 bilis
257 2355 270 2379 ‚
291 2322 336 2367 in
357 2321 466 2368 fines
493 2323 690 2386 regreffi,
714 2325 934 2389 paulisper
949 2363 962 2383 ,
984 2327 1086 2373 dum
1103 2363 1117 2385 ,
1139 2329 1346 2392 quidnam
1369 2333 1424 2378 de

140 2393 358 2440 seditione
386 2394 670 2456 statueretur,
695 2397 881 2458 scirent,
916 2399 1103 2462 suspensi
1124 2402 1427 2463 quieverunt;

139 2466 173 2512 fi
198 2468 367 2516 civium
397 2471 541 2518 errori
572 2471 909 2535 ignosceretur,
938 2490 1033 2521 non
1068 2476 1314 2525 diffidentes
1343 2477 1425 2526 fibi

1055 2545 1104 2591 D
1143 2562 1167 2590 2.
