1592 2724
193 127 285 189 356
552 123 1111 172 ‘ftTtLtvit

179 233 320 293 specie
337 231 539 277 libertatis
557 233 826 276 adumbratas
844 228 930 292 effi.
955 232 1037 275 Cur
1054 233 1162 276 enirn
1182 233 1294 276 alias
1313 232 1479 276 Roma-

190 308 260 349 nis
279 306 391 349 tradi
416 306 530 349 urbes
547 339 559 360 ‚
583 322 654 349 nec
675 304 890 349 nominari
911 322 1004 358 eas,
1025 307 1137 349 alias
1167 308 1401 357 nominari,
1435 303 1478 350 δ’

175 377 273 441 stne
292 378 517 420 traditione
537 375 678 431 juberi
704 379 853 421 liberas
883 374 953 439 effi
967 378 990 421 ἓ
1011 379 1057 421 ni
1075 396 1089 420 i
1109 394 1177 433 ut,
1195 395 1280 437 quae
1304 379 1349 422 in
1367 382 1413 422 A
1412 378 1477 439 fia

183 449 296 514 fine,
334 451 576 505 liberentur,
610 450 913 510 longinquitate
949 450 1039 509 ipsa
1078 451 1245 494 tutiores
1270 466 1285 494 :
1313 468 1396 509 quae
1431 470 1476 496 m

191 525 355 569 Graecia
371 522 486 586 fint,
515 541 564 567 ne
595 525 821 567 nominatae
847 526 1184 584 intercipiantur,
1222 523 1475 580 Corinthus,

189 594 234 642 G*
272 598 457 652 Chalcis,
494 593 536 640 (ς’
572 597 750 653 Oreum,
781 615 871 641 cum
906 600 1070 643 Eretria
1109 595 1151 642 δ’
1191 598 1476 643 Demetriade.

192 670 293 715 Nec
333 680 428 713 tota
467 683 523 712 ex
563 683 686 713 vano
730 668 987 714 criminatio
1025 681 1129 715 erat.
1191 669 1477 715 dubitabatur

188 742 310 789 enim
332 742 385 786 de
402 740 633 786 Corintho
647 775 660 798 ‚
681 741 731 787 &
756 740 809 786 de
830 741 1067 799 Chalcide,
1088 743 1138 788 &
1159 741 1477 798 Demetriade,

186 815 291 879 quia
313 814 359 860 in
380 813 793 870 senatusconsulto,
820 831 915 877 quo
942 815 1054 860 miffi
1085 815 1236 861 decem
1262 815 1391 877 legati
1421 815 1477 860 ab

188 890 300 937 urbe
328 899 477 946 erant,
497 899 655 935 ceterae
683 886 873 933 Graeciae
903 899 1037 949 atque
1061 886 1174 932 Afiae
1200 887 1318 933 haud
1341 886 1476 934 dubie

188 963 526 1010 liberabantur:
559 960 612 1006 de
648 959 715 1005 his
753 960 894 1006 tribus
926 959 1112 1006 urbibus
1149 958 1311 1022 legati,
1350 959 1477 1021 quod

188 1048 394 1099 tempora
414 1033 668 1096 reipublicae
687 1032 995 1095 postulassent,
1014 1032 1057 1078 id
1079 1049 1103 1078 e
1119 1031 1348 1095 republica
1367 1030 1477 1078 fide-

188 1127 276 1172 que
305 1108 377 1154 sua
404 1107 577 1164 facere,
609 1105 798 1152 statuere
818 1105 913 1166 juffi
942 1120 1081 1152 erant.
1110 1104 1363 1152 Antiochus
1395 1121 1475 1150 rex

190 1193 314 1237 erat,
343 1198 477 1243 quem
500 1179 862 1243 transgressurum
897 1179 942 1224 in
966 1182 1218 1240 Europam,
1254 1194 1355 1225 cum
1383 1176 1477 1239 pri-

189 1272 313 1302 mum
350 1255 391 1300 ei
427 1269 494 1299 res
528 1252 614 1298 suae
649 1252 940 1314 placuissent5
980 1269 1074 1299 non
1110 1252 1386 1298 dubitabant.
1433 1248 1475 1294 ei

189 1341 280 1375 tam
311 1338 588 1389 opportunas
614 1326 667 1371 ad
697 1325 1011 1387 occupandum
1045 1341 1192 1387 patere
1223 1326 1355 1370 urbes
1387 1339 1476 1369 no—

188 1401 355 1449 lebant.
392 1402 463 1446 Ab
495 1399 637 1446 Elatia
668 1400 933 1463 Anticyram
967 1416 1069 1446 cum
1103 1401 1258 1445 decem
1291 1397 1474 1461 legatiS,

189 1473 295 1521 inde
318 1472 591 1519 Corinthum
612 1472 800 1534 trajecit.
828 1472 889 1518 ibi
919 1473 1102 1519 consilia
1123 1473 1275 1519 decem
1302 1471 1474 1533 legato-

190 1563 292 1593 rum
314 1544 623 1591 tractabantur.
658 1545 903 1591 Identidem
926 1544 1169 1604 Quinftius
1182 1579 1195 1601 ‚
1217 1547 1475 1588 liberandam

190 1637 351 1666 omnem
390 1620 621 1674 Graeciam,
641 1617 684 1682 si
700 1621 939 1664 AEtolorum
975 1621 1146 1680 linguas
1176 1620 1407 1672 retundere,
1429 1616 1480 1678 si

188 1713 326 1742 veram
345 1696 554 1739 caritatem
567 1727 580 1750 ,
598 1692 872 1759 majestatem,
890 1697 1007 1753 apud
1023 1710 1163 1738 ornnes
1179 1694 1362 1737 nominis
1385 1693 1476 1736 Ro-

189 1771 308 1815 mani
327 1771 475 1813 vellent
496 1766 572 1830 effe
590 1766 944 1831 :stfidemfizcere
960 1801 973 1823 ,
996 1770 1055 1810 ad
1075 1767 1331 1810 liberandam
1356 1765 1475 1808 Grae-

187 1847 324 1897 ciam,
344 1860 430 1887 non
462 1846 521 1886 ad
547 1840 878 1897 transferendum
907 1858 934 1883 a
955 1842 1153 1897 Philippo
1186 1840 1246 1882 ad
1266 1837 1315 1896 je
1343 1839 1474 1895 impe-

118 1909 121 1911 ι
187 1919 292 1962 rium
311 1915 386 1975 ,fe
411 1932 519 1958 mare
543 1911 755 1975 trajeciffe.
780 1910 905 1956 Nihil
932 1921 1090 1957 contra
1112 1924 1162 1953 ea
1190 1908 1243 1953 de
1271 1907 1474 1952 libertate

187 1986 368 2033 urbium
402 1984 476 2031 alii
498 1984 721 2030 dicebant.
755 1994 954 2029 ceterum
977 1982 1075 2045 ipsis
1097 1983 1226 2026 tutius
1247 1979 1347 2043 effe,
1377 1998 1472 2024 ma-

187 2080 278 2107 nere
304 2060 520 2120 paulisliaer
536 2058 622 2118 fich
648 2061 775 2102 tutela
789 2054 974 2119 praesidii
1004 2055 1216 2111 Romani,
1246 2072 1368 2112 quam
1393 2072 1474 2113 pro

186 2138 388 2195 Philippo
420 2133 681 2177 Antiochum
713 2132 927 2175 dominum
962 2130 1108 2187 accipi.
1146 2125 1378 2172 Postremo
1415 2126 1473 2172 ita

188 2208 417 2253 decretum
460 2203 520 2249 est
551 2220 561 2248 :
596 2204 821 2247 Corinthus
858 2204 1085 2246 redderetur
1113 2201 1307 2256 Achivis,
1345 2215 1391 2244 ut
1427 2202 1472 2243 in

187 2280 490 2329 Acrocorintho
506 2295 643 2324 tamen
654 2277 891 2341 praesidium
912 2275 1004 2339 effic
1020 2292 1036 2319 .·
1061 2277 1293 2320 Chalcidem
1314 2292 1362 2319 ac
1377 2275 1469 2318 De·

188 2357 423 2401 metriadem
446 2355 630 2406 retineri,
651 2355 777 2395 donec
799 2368 894 2395 cura
915 2354 962 2394 de
982 2349 1196 2393 Antiocho
1215 2344 1428 2408 deceffi'ffet.

251 2423 743 2474 XXX11.1sthn·1iorum
760 2421 916 2468 statum
938 2419 1157 2467 ludicrum
1177 2419 1324 2466 aderat
1333 2437 1346 2474 3
1365 2416 1472 2463 sem·
