1592 2724
141 145 204 191 24
494 127 1063 180 T1T1L1V11

138 234 294 299 prius,
317 233 476 282 deinde
496 234 549 282 ab
574 236 787 282 Romano
817 235 864 283 in
885 236 1023 284 castra
1049 236 1195 301 copiae
1220 238 1427 286 redustae:

142 310 247 355 Hoc
282 307 401 354 idem
434 324 512 371 per
545 307 638 355 dies
674 308 848 371 aliquot
885 303 1062 357 facium.
1095 310 1220 374 prior
1253 311 1424 373 semper

140 381 311 427 Poenus
341 381 494 444 copias
523 380 670 427 castris
697 381 926 431 educebat.
966 383 1093 446 prior
1121 382 1236 432 feffis
1267 382 1425 430 stando

142 454 312 517 {ignum
341 454 541 515 receptui
569 455 709 501 dabat.
740 456 794 502 ab
813 469 969 503 neutra
991 468 1113 518 parte
1133 456 1428 519 procursum,

142 527 345 573 telumve
371 528 542 574 miss'um
558 565 570 583 ‚
591 541 664 574 aut
685 546 783 575 vox
810 530 900 575 ulla
919 542 1032 577 orta.
1065 530 1256 578 mediam
1283 529 1425 577 aciem

139 601 246 647 hinc
281 603 503 657 Romani9
530 602 652 649 illinc
687 603 1074 666 Carthaginienses
1112 604 1245 650 mixti
1274 602 1427 661 Afris,

141 691 314 721 cornua
335 674 445 721 socii
468 676 707 723 tenebant:
735 689 858 723 erant
877 689 1023 725 autem
1043 678 1253 740 utrinque
1271 675 1429 738 Hispa-

138 749 189 795 ni
226 766 309 809 pro
346 750 573 796 cornibus.
615 762 717 796 ante
752 749 966 798 Punicam
1009 751 1152 798 aciem
1201 748 1427 812 elephanti

138 821 425 868 castellorum
449 822 614 884 procul
634 821 823 884 speciem
844 823 1114 885 praebebant.
1145 825 1238 871 Jam
1266 823 1355 869 hoc
1377 822 1425 868 in

140 895 340 957 utrisque
367 894 514 942 castris
537 895 753 942 sermonis
776 910 868 943 erat
884 933 897 952 ,
921 897 981 943 ita
998 933 1011 954 ‚
1037 909 1087 943 ut
1108 896 1310 944 instruffi
1339 895 1428 943 ste·-

139 967 317 1025 tiffent,
348 980 641 1032 pugnaturos.
683 969 849 1016 medias
878 970 994 1016 acies
1021 971 1281 1016 Romanum
1316 970 1427 1016 Ροε-

140 1057 364 1102 numque,
388 1057 505 1104 quos
540 1042 659 1088 inter
684 1040 789 1088 belli
816 1041 942 1089 causa
968 1042 1100 1100 esset,
1128 1042 1224 1104 pari
1256 1041 1427 1087 robore

138 1114 393 1160 animorum
433 1131 753 1177 armorumque
797 1113 1115 1162 concursuros.
1153 1113 1306 1177 Scipio
1348 1114 1427 1165 ubi

135 1187 236 1233 haec
263 1184 483 1231 obstinate
516 1185 683 1232 credita
715 1186 1056 1244 animadvertit,
1087 1185 1239 1232 omnia
1269 1186 1323 1233 de
1354 1186 1427 1233 in-

139 1256 305 1302 dustria
328 1257 373 1302 in
403 1273 504 1303 eum
536 1256 679 1314 diem,
701 1274 796 1320 quo
823 1266 1100 1321 pugnaturus
1131 1268 1251 1316 erat,
1280 1271 1429 1305 muta-

137 1331 224 1379 vit.
253 1331 478 1379 Tesseram
501 1329 678 1393 vesperi
705 1348 784 1394 per
810 1330 948 1379 castra
975 1331 1122 1391 dedit,
1144 1345 1196 1378 ut
1225 1343 1327 1379 ante
1353 1331 1427 1378 lu-

137 1421 238 1454 cem
274 1405 363 1453 viri
391 1405 584 1469 equique
615 1405 757 1453 curati
789 1407 839 1454 ὃ(
867 1405 1013 1469 pranfi
1043 1404 1209 1453 effent:
1234 1418 1427 1452 armatus

137 1495 276 1543 eques
305 1478 504 1528 frenatos
529 1478 825 1544 instratosque
845 1491 1015 1528 teneret
1034 1495 1189 1544 equos.
1219 1479 1426 1526 Vixdum

136 1549 239 1597 satis
259 1562 377 1598 certa
401 1551 532 1611 luce,
553 1552 799 1614 equitatum
825 1569 1008 1600 omnem
1031 1570 1136 1600 cum
1158 1551 1251 1600 levi
1277 1569 1426 1599 arma-

136 1636 239 1670 tura
267 1622 314 1669 in
345 1623 556 1672 stationes
588 1626 779 1673 Punicas
808 1625 1018 1673 immisit:
1049 1625 1153 1672 inde
1187 1624 1424 1672 confestim

134 1695 229 1759 :ipse
260 1712 361 1742 cum
392 1696 518 1760 gravi
551 1697 727 1761 agmine
757 1697 989 1762 legionum
1013 1697 1245 1759 procedit,
1265 1710 1429 1760 praeter

133 1768 409 1831 opinionem
429 1769 684 1818 destinatam
714 1769 896 1818 suorum
918 1770 1230 1835 hostiumque,
1253 1773 1428 1818 Roma-

136 1857 202 1888 no
224 1841 365 1889 milite
385 1842 602 1890 cornibus
621 1842 805 1890 firmatis
819 1878 834 1902 ‚
854 1843 987 1891 sociis
1007 1843 1055 1889 in
1072 1843 1264 1890 mediam
1282 1843 1427 1892 aciem

136 1915 348 1977 acceptis„
376 1915 652 1973 Hasdrubal,
670 1917 867 1964 clamore
889 1915 1092 1980 equitum
1113 1915 1354 1975 excitatus,
1376 1928 1429 1964 ut

136 2004 195 2034 ex
220 1989 511 2035 tabernaculo
530 1988 735 2052 prosiluit
748 2026 762 2048 ,
782 1990 1115 2052 tumultumque
1133 2000 1235 2036 ante
1254 1989 1426 2037 vallum

138 2062 188 2108 δέ
206 2061 549 2123 trepidationem
573 2063 755 2111 suorum
772 2099 786 2119 ‚
807 2065 857 2110 &
877 2063 1036 2126 procul
1054 2062 1173 2126 signa
1194 2061 1425 2127 legionum

136 2131 378 2194 fulgentia,
403 2134 653 2198 plenosque
681 2135 876 2183 hostium
904 2151 1090 2198 campos
1118 2134 1262 2193 vidit,
1291 2134 1423 2198 equi-

138 2216 280 2251 tatum
300 2222 483 2253 omnem
499 2207 728 2270 extemplo
746 2207 793 2253 in
813 2207 986 2271 equites
1006 2206 1184 2255 emittit.
1207 2206 1298 2270 ipse
1314 2223 1419 2254 cum

137 2275 339 2340 peditum
375 2277 549 2341 agmine
586 2278 733 2328 castris
769 2279 1023 2342 egreditur:
1052 2274 1136 2326 nec
1167 2294 1224 2327 ex
1260 2276 1424 2325 ordine

138 2348 275 2397 solito
311 2350 553 2414 quidquam
594 2352 689 2400 acie
724 2351 979 2400 instruenda
1017 2361 1173 2399 mutat.
1205 2349 1423 2414 Equitum

136 2419 227 2484 jam
247 2421 324 2472 diu
349 2439 514 2491 anceps
535 2441 685 2491 pugna
707 2435 801 2474 erat
821 2442 833 2475 :
860 2441 943 2476 nec
970 2425 1059 2490 ipsa
1080 2440 1161 2490 per
1179 2421 1221 2472 se
1241 2421 1422 2475 decerni
