1592 2724
215 174 308 217 224
569 157 1134 205 T1T1L1V11

210 283 293 314 rex
315 262 491 312 Attalus
522 263 729 327 AEginam
755 264 812 310 ad
842 264 1017 311 classem
1048 263 1089 311 se
1110 263 1292 328 recepit.
1325 263 1498 313 Rhodii

213 338 346 385 Ciam
379 335 434 382 ab
461 335 642 398 AEgim,
677 335 780 382 inde
810 352 889 398 per
922 336 1086 383 insulas
1115 337 1331 383 Rhodum
1362 338 1498 384 navi-

212 420 398 475 garunt:
428 407 638 454 omnibus
656 443 668 465 ,
702 420 864 470 praeter
885 409 1090 455 Andrum
1107 445 1121 467 ‚
1149 411 1424 473 Parumque,
1449 413 1498 458 &

211 482 448 548 Cythnum
463 516 476 538 ,
504 497 604 544 quae
634 479 843 543 praesidiis
864 482 1170 528 Macedonum
1202 483 1467 529 tenebantur
1483 519 1498 540 ‚

209 558 259 604 in
297 555 556 603 societatem
591 556 799 618 acceptis.
840 556 1036 602 Attalum
1068 555 1273 620 AEginae,
1300 555 1412 602 miffi
1450 556 1498 602 in

210 630 425 678 AEtoliam
448 627 619 685 nuntii,
639 627 964 691 exspefitatique
982 628 1084 675 inde
1102 628 1262 692 legati,
1284 628 1499 692 aliquam-

212 704 292 751 diu
327 699 439 747 nihil
470 711 672 763 agentem
706 712 919 747 tenuere:
957 702 1009 748 δε
1045 719 1191 765 neque
1219 701 1321 748 illos
1350 701 1500 748 excire

213 778 270 825 ad
288 792 408 822 arma
430 773 604 838 potuit,
623 773 865 838 gaudentes
881 785 1112 837 utcunque
1129 774 1380 837 composita
1397 793 1501 823 cum

211 850 429 912 Philippo
450 864 572 911 pace.
597 849 647 894 &
666 845 756 909 ipse
776 846 1103 909 Rhodiique‚s1
1123 846 1373 893 institiffent
1390 860 1499 894 tune

211 922 426 986 Philippo
441 958 456 978 ‚
476 920 705 984 egregium
727 920 923 966 liberatae
944 936 1022 982 per
1042 920 1083 967 se
1105 922 1296 968 Graeciae
1316 922 1499 969 titulum

211 998 377 1045 habere
407 994 677 1058 potuissent:
703 993 918 1057 patiendo
940 994 1086 1042 rursus
1117 1011 1219 1042 eum
1251 995 1299 1041 in
1325 995 1498 1042 Helles-

212 1081 410 1134 pontum
433 1066 639 1129 trajicere
654 1103 668 1126 ‚
697 1078 1084 1130 occupantemque
1112 1069 1303 1116 Graeciae
1325 1086 1500 1133 oppor-

211 1155 322 1189 tuna
351 1141 455 1188 loca
478 1140 598 1187 vires
629 1139 861 1202 colligere,
883 1140 1052 1187 bellum
1081 1140 1257 1198 aluere;
1290 1142 1500 1206 gloriam-

212 1233 303 1281 que
323 1214 419 1277 ejus
437 1214 543 1278 gesti
562 1213 836 1278 perfeffique
855 1215 1074 1262 Romanis
1093 1216 1421 1263 concesserunt.

277 1291 404 1337 XV1.
429 1288 664 1351 Philippus
684 1287 822 1351 magis
841 1287 966 1353 regio
995 1287 1148 1334 animo
1168 1286 1230 1334 est
1250 1288 1374 1335 usus:
1395 1288 1500 1351 qui,

211 1381 316 1412 cum
348 1361 548 1409 Attalum
583 1359 881 1423 Rhodiosque
910 1360 1057 1408 hostes
1088 1378 1183 1408 non
1213 1360 1501 1419 sustinuisset,

213 1454 271 1485 ne
293 1436 506 1482 Romano
527 1432 707 1496 quidem
724 1466 738 1487 ‚
757 1431 884 1494 quod
903 1430 1193 1490 imminebat,
1214 1431 1337 1478 bello
1364 1432 1499 1478 terri-

213 1523 285 1558 tus
303 1546 315 1565 ‚
337 1506 542 1555 Philocle
562 1505 761 1570 quodam
784 1522 839 1551 ex
858 1503 1076 1567 praefeffis
1096 1503 1181 1550 suis
1199 1520 1303 1551 cum
1322 1503 1501 1551 duobus

211 1582 411 1630 millibus
440 1579 669 1643 peditum,
705 1577 928 1641 equitibus
955 1575 1157 1625 ducentis
1192 1577 1247 1622 ad
1274 1577 1500 1639 populan-

213 1658 298 1704 dos
323 1652 657 1701 Atheniensium
680 1666 809 1714 agros
833 1650 961 1697 miffo
977 1685 989 1708 ,
1010 1649 1134 1696 clafl'e
1162 1648 1325 1696 tradita
1354 1651 1499 1696 Hera-

212 1730 345 1787 elidi,
364 1741 413 1775 ut
442 1729 709 1773 Maroneam
738 1736 932 1787 peteret,
953 1723 1043 1787 ipse
1070 1735 1185 1770 terra
1204 1723 1366 1786 eodem
1397 1740 1500 1770 cum

213 1801 434 1866 expeditis
466 1800 644 1847 duobus
675 1798 872 1846 millibus
900 1798 1131 1861 peditum,
1160 1796 1383 1860 equitibus
1415 1798 1500 1843 du-

213 1876 358 1925 centis
399 1873 557 1937 pergit.
600 1870 656 1919 'Et
695 1872 961 1918 Maroneam
1003 1870 1187 1933 quidem
1224 1869 1382 1931 primo.
1415 1869 1500 1917 im-

208 1959 322 2011 petu
352 1943 842 2009 expugnavit:AEnum
872 1942 975 1988 inde
997 1959 1098 1989 cum
1127 1957 1294 2004 magno
1314 1940 1499 2002 labore,

210 2019 442 2084 postremo
486 2018 746 2082 proditione
785 2016 1068 2081 Ganymedis
1104 2015 1302 2078 praefecsli
1343 2015 1500 2064 Ptole-

211 2092 339 2152 maei,
357 2091 490 2154 cepit.
519 2091 732 2152 deinceps
752 2090 836 2136 alia
863 2089 1037 2136 castella
1051 2125 1064 2147 ,
1082 2088 1302 2153 Cypsela,
1321 2090 1372 2136 ὃς
1390 2089 1498 2136 Do-

211 2167 365 2215 riscon
381 2202 395 2225 ‚
429 2167 478 2214 &
501 2165 767 2223 Serrheum‚
797 2176 1006 2226 occupat.
1040 2163 1145 2210 inde
1165 2163 1417 2227 progressus
1443 2162 1500 2209 ad

212 2238 572 2298 Chersonesum,
587 2237 790 2285 Elaeunta
810 2239 860 2285 &
878 2235 1298 2300 Alopeconnesum,
1319 2235 1499 2281 traden-

211 2311 331 2360 tibus
358 2312 487 2375 ipsis,
516 2309 699 2372 recepit.
731 2309 968 2373 Callipolis
993 2325 1181 2373 quoque
1202 2310 1251 2355 &
1282 2308 1498 2371 Madytos

211 2385 359 2432 dedita
377 2420 391 2443 ,
412 2385 462 2432 &
488 2381 661 2430 castella
680 2381 885 2443 quaedam
915 2380 1145 2443 ignobilia.
1173 2379 1414 2443 Abydeni,
1440 2396 1496 2426 ne

209 2456 366 2522 legatis
393 2455 574 2522 quidem
593 2452 811 2516 admissis,
839 2453 934 2518 regi
965 2465 1119 2518 portas
1149 2450 1412 2501 clauserunt.
1446 2468 1498 2500 ea
