<?xml version="1.0" encoding="UTF-8"?>
<!DOCTYPE html PUBLIC "-//W3C//DTD XHTML 1.0 Transitional//EN"
    "http://www.w3.org/TR/xhtml1/DTD/xhtml1-transitional.dtd">
<html xmlns="http://www.w3.org/1999/xhtml" xml:lang="en" lang="en">
 <head>
  <title>
</title>
<meta http-equiv="Content-Type" content="text/html;charset=utf-8" />
  <meta name='ocr-system' content='tesseract 3.04.00' />
  <meta name='ocr-capabilities' content='ocr_page ocr_carea ocr_par ocr_line ocrx_word'/>
</head>
<body>
  <div class='ocr_page' id='page_1' title='image "./historiarumlibri05livyuoft_0441.png"; bbox 0 0 1592 2724; ppageno 0'>
   <div class='ocr_carea' id='block_1_1' title="bbox 245 177 1369 245">
    <p class='ocr_par' dir='ltr' id='par_1_1' title="bbox 245 177 1369 245">
     <span class='ocr_line' id='line_1_1' title="bbox 245 177 1369 245; baseline 0.004 -22"><span class='ocrx_word' id='word_1_1' title='bbox 245 177 790 226; x_wconf 64' lang='lat' dir='ltr'>HtsToRtARUM</span> <span class='ocrx_word' id='word_1_2' title='bbox 822 181 948 225; x_wconf 83' lang='lat' dir='ltr'>LIB.</span> <span class='ocrx_word' id='word_1_3' title='bbox 983 181 1147 226; x_wconf 64' lang='lat' dir='ltr'>XXX}</span> <span class='ocrx_word' id='word_1_4' title='bbox 1179 183 1208 226; x_wconf 55' lang='lat'>³.</span> <span class='ocrx_word' id='word_1_5' title='bbox 1277 196 1369 245; x_wconf 74' lang='lat'>425</span> 
     </span>
    </p>
   </div>
   <div class='ocr_carea' id='block_1_2' title="bbox 86 281 1404 2522">
    <p class='ocr_par' dir='ltr' id='par_1_2' title="bbox 96 281 1404 562">
     <span class='ocr_line' id='line_1_2' title="bbox 96 281 1375 345; baseline 0.005 -18"><span class='ocrx_word' id='word_1_6' title='bbox 96 291 203 344; x_wconf 84' lang='lat' dir='ltr'>petu</span> <span class='ocrx_word' id='word_1_7' title='bbox 241 281 286 327; x_wconf 88' lang='lat' dir='ltr'>in</span> <span class='ocrx_word' id='word_1_8' title='bbox 326 283 607 345; x_wconf 75' lang='lat' dir='ltr'>pabulatores</span> <span class='ocrx_word' id='word_1_9' title='bbox 651 283 751 331; x_wconf 79' lang='lat' dir='ltr'>suos</span> <span class='ocrx_word' id='word_1_10' title='bbox 785 285 840 331; x_wconf 81' lang='lat' dir='ltr'>ab</span> <span class='ocrx_word' id='word_1_11' title='bbox 875 286 1091 332; x_wconf 86' lang='lat' dir='ltr'>Romanis</span> <span class='ocrx_word' id='word_1_12' title='bbox 1125 286 1276 333; x_wconf 64' lang='lat' dir='ltr'>fafto:</span> <span class='ocrx_word' id='word_1_13' title='bbox 1315 304 1375 333; x_wconf 85' lang='lat' dir='ltr'>eo</span> 
     </span>
     <span class='ocr_line' id='line_1_3' title="bbox 97 356 1380 422; baseline 0.005 -22"><span class='ocrx_word' id='word_1_14' title='bbox 97 356 266 417; x_wconf 69' lang='lat' dir='ltr'>proelio</span> <span class='ocrx_word' id='word_1_15' title='bbox 301 357 498 415; x_wconf 52' lang='lat' dir='ltr'>vidium,</span> <span class='ocrx_word' id='word_1_16' title='bbox 527 357 762 420; x_wconf 76' lang='lat' dir='ltr'>castrisque</span> <span class='ocrx_word' id='word_1_17' title='bbox 798 372 982 404; x_wconf 75' lang='lat' dir='ltr'>exutum</span> <span class='ocrx_word' id='word_1_18' title='bbox 1014 375 1166 421; x_wconf 82' lang='lat' dir='ltr'>pacem</span> <span class='ocrx_word' id='word_1_19' title='bbox 1193 359 1380 422; x_wconf 69' lang='lat' dir='ltr'>pctiffe3</span> 
     </span>
     <span class='ocr_line' id='line_1_4' title="bbox 98 430 1377 496; baseline 0.005 -22"><span class='ocrx_word' id='word_1_20' title='bbox 98 444 200 474; x_wconf 88' lang='lat' dir='ltr'>cum</span> <span class='ocrx_word' id='word_1_21' title='bbox 238 430 488 476; x_wconf 67' lang='lat' dir='ltr'><strong>cecidissent</strong></span> <span class='ocrx_word' id='word_1_22' title='bbox 519 431 777 493; x_wconf 82' lang='lat' dir='ltr'>quindecim</span> <span class='ocrx_word' id='word_1_23' title='bbox 817 432 955 478; x_wconf 84' lang='lat' dir='ltr'>millia</span> <span class='ocrx_word' id='word_1_24' title='bbox 987 432 1207 490; x_wconf 86' lang='lat' dir='ltr'>militum,</span> <span class='ocrx_word' id='word_1_25' title='bbox 1246 446 1377 496; x_wconf 79' lang='lat' dir='ltr'>capta</span> 
     </span>
     <span class='ocr_line' id='line_1_5' title="bbox 96 498 1404 562; baseline 0.01 -18"><span class='ocrx_word' id='word_1_26' title='bbox 96 499 197 561; x_wconf 83' lang='lat' dir='ltr'>plus</span> <span class='ocrx_word' id='word_1_27' title='bbox 217 514 410 562; x_wconf 77' lang='lat' dir='ltr'>quatuor</span> <span class='ocrx_word' id='word_1_28' title='bbox 436 503 574 548; x_wconf 84' lang='lat' dir='ltr'>millia</span> <span class='ocrx_word' id='word_1_29' title='bbox 597 503 746 550; x_wconf 70' lang='lat' dir='ltr'>ess&#39;ent.</span> <span class='ocrx_word' id='word_1_30' title='bbox 1402 498 1404 501; x_wconf 18' lang='grc' dir='ltr'>ι</span> 
     </span>
    </p>

    <p class='ocr_par' dir='ltr' id='par_1_3' title="bbox 86 575 1380 2069">
     <span class='ocr_line' id='line_1_6' title="bbox 161 575 1377 639; baseline 0.003 -19"><span class='ocrx_word' id='word_1_31' title='bbox 161 575 296 620; x_wconf 82' lang='lat' dir='ltr'>XLU.</span> <span class='ocrx_word' id='word_1_32' title='bbox 329 576 496 621; x_wconf 85' lang='lat' dir='ltr'>Eodem</span> <span class='ocrx_word' id='word_1_33' title='bbox 521 575 612 621; x_wconf 83' lang='lat' dir='ltr'>fere</span> <span class='ocrx_word' id='word_1_34' title='bbox 644 588 848 639; x_wconf 80' lang='lat' dir='ltr'>tempore</span> <span class='ocrx_word' id='word_1_35' title='bbox 875 578 924 624; x_wconf 70' lang='grc' dir='ltr'>δε</span> <span class='ocrx_word' id='word_1_36' title='bbox 951 594 975 624; x_wconf 90' lang='lat' dir='ltr'>a</span> <span class='ocrx_word' id='word_1_37' title='bbox 994 577 1050 624; x_wconf 91' lang='lat' dir='ltr'>T.</span> <span class='ocrx_word' id='word_1_38' title='bbox 1081 576 1299 637; x_wconf 59' lang='lat' dir='ltr'>Quinctio</span> <span class='ocrx_word' id='word_1_39' title='bbox 1321 578 1377 624; x_wconf 80' lang='lat' dir='ltr'>de</span> 
     </span>
     <span class='ocr_line' id='line_1_7' title="bbox 86 645 1377 711; baseline 0.005 -22"><span class='ocrx_word' id='word_1_40' title='bbox 86 645 229 692; x_wconf 73' lang='lat' dir='ltr'>rebus</span> <span class='ocrx_word' id='word_1_41' title='bbox 266 647 320 691; x_wconf 90' lang='lat' dir='ltr'>ad</span> <span class='ocrx_word' id='word_1_42' title='bbox 355 647 722 693; x_wconf 62' lang='lat' dir='ltr'>Lacedaemonem</span> <span class='ocrx_word' id='word_1_43' title='bbox 752 647 909 711; x_wconf 82' lang='lat' dir='ltr'>gestis,</span> <span class='ocrx_word' id='word_1_44' title='bbox 941 652 989 697; x_wconf 85' lang='lat'>&amp;</span> <span class='ocrx_word' id='word_1_45' title='bbox 1022 649 1076 696; x_wconf 83' lang='lat' dir='ltr'>ab</span> <span class='ocrx_word' id='word_1_46' title='bbox 1107 650 1170 695; x_wconf 90' lang='lat' dir='ltr'>M.</span> <span class='ocrx_word' id='word_1_47' title='bbox 1207 649 1377 696; x_wconf 80' lang='lat' dir='ltr'><strong>Porcio</strong></span> 
     </span>
     <span class='ocr_line' id='line_1_8' title="bbox 97 716 1377 784; baseline 0.005 -23"><span class='ocrx_word' id='word_1_48' title='bbox 97 716 282 763; x_wconf 86' lang='lat' dir='ltr'>consule</span> <span class='ocrx_word' id='word_1_49' title='bbox 302 734 355 763; x_wconf 77' lang='lat' dir='ltr'>ex</span> <span class='ocrx_word' id='word_1_50' title='bbox 372 717 581 781; x_wconf 72' lang='lat' dir='ltr'>Hispania.</span> <span class='ocrx_word' id='word_1_51' title='bbox 601 719 736 764; x_wconf 77' lang='lat' dir='ltr'>literae</span> <span class='ocrx_word' id='word_1_52' title='bbox 756 719 911 767; x_wconf 82' lang='lat' dir='ltr'>allatae.</span> <span class='ocrx_word' id='word_1_53' title='bbox 942 719 1171 784; x_wconf 85' lang='lat' dir='ltr'>utriusque</span> <span class='ocrx_word' id='word_1_54' title='bbox 1189 721 1377 768; x_wconf 82' lang='lat' dir='ltr'>nomine</span> 
     </span>
     <span class='ocr_line' id='line_1_9' title="bbox 96 786 1379 851; baseline 0.005 -19"><span class='ocrx_word' id='word_1_55' title='bbox 96 786 142 832; x_wconf 86' lang='lat' dir='ltr'>in</span> <span class='ocrx_word' id='word_1_56' title='bbox 176 788 267 835; x_wconf 82' lang='lat' dir='ltr'>dies</span> <span class='ocrx_word' id='word_1_57' title='bbox 296 801 448 836; x_wconf 85' lang='lat' dir='ltr'>ternos</span> <span class='ocrx_word' id='word_1_58' title='bbox 484 790 750 851; x_wconf 73' lang='lat' dir='ltr'>supplicatio</span> <span class='ocrx_word' id='word_1_59' title='bbox 783 807 807 835; x_wconf 88' lang='lat' dir='ltr'>a</span> <span class='ocrx_word' id='word_1_60' title='bbox 842 791 990 836; x_wconf 84' lang='lat' dir='ltr'>senatu</span> <span class='ocrx_word' id='word_1_61' title='bbox 1017 791 1191 838; x_wconf 83' lang='lat' dir='ltr'>decreta</span> <span class='ocrx_word' id='word_1_62' title='bbox 1220 791 1294 837; x_wconf 90' lang='lat' dir='ltr'>est.</span> <span class='ocrx_word' id='word_1_63' title='bbox 1325 793 1379 840; x_wconf 88' lang='lat' dir='ltr'>L.</span> 
     </span>
     <span class='ocr_line' id='line_1_10' title="bbox 97 860 1378 925; baseline 0.002 -20"><span class='ocrx_word' id='word_1_64' title='bbox 97 860 300 908; x_wconf 81' lang='lat' dir='ltr'>Valerius</span> <span class='ocrx_word' id='word_1_65' title='bbox 324 862 505 919; x_wconf 86' lang='lat' dir='ltr'>consul,</span> <span class='ocrx_word' id='word_1_66' title='bbox 530 879 631 909; x_wconf 87' lang='lat' dir='ltr'>cum</span> <span class='ocrx_word' id='word_1_67' title='bbox 657 863 756 925; x_wconf 89' lang='lat' dir='ltr'>post</span> <span class='ocrx_word' id='word_1_68' title='bbox 784 862 904 908; x_wconf 90' lang='lat' dir='ltr'>fusos</span> <span class='ocrx_word' id='word_1_69' title='bbox 932 862 1049 909; x_wconf 79' lang='lat' dir='ltr'><strong>circa</strong></span> <span class='ocrx_word' id='word_1_70' title='bbox 1071 863 1272 911; x_wconf 81' lang='lat' dir='ltr'>Litanam</span> <span class='ocrx_word' id='word_1_71' title='bbox 1301 863 1378 909; x_wconf 87' lang='lat' dir='ltr'>fil-</span> 
     </span>
     <span class='ocr_line' id='line_1_11' title="bbox 96 933 1378 998; baseline 0.002 -19"><span class='ocrx_word' id='word_1_72' title='bbox 96 949 202 980; x_wconf 83' lang='lat' dir='ltr'>vam</span> <span class='ocrx_word' id='word_1_73' title='bbox 238 933 376 995; x_wconf 87' lang='lat' dir='ltr'>Bojos</span> <span class='ocrx_word' id='word_1_74' title='bbox 407 935 600 998; x_wconf 76' lang='lat' dir='ltr'>quietam</span> <span class='ocrx_word' id='word_1_75' title='bbox 636 934 921 996; x_wconf 81' lang='lat' dir='ltr'>provinciam</span> <span class='ocrx_word' id='word_1_76' title='bbox 956 935 1196 994; x_wconf 77' lang='lat' dir='ltr'>habuiffet,</span> <span class='ocrx_word' id='word_1_77' title='bbox 1229 935 1378 982; x_wconf 88' lang='lat' dir='ltr'><strong>comi-</strong></span> 
     </span>
     <span class='ocr_line' id='line_1_12' title="bbox 97 1005 1380 1062; baseline 0.005 -12"><span class='ocrx_word' id='word_1_78' title='bbox 97 1005 264 1051; x_wconf 82' lang='lat' dir='ltr'>tiorum</span> <span class='ocrx_word' id='word_1_79' title='bbox 293 1006 418 1053; x_wconf 89' lang='lat' dir='ltr'>causa</span> <span class='ocrx_word' id='word_1_80' title='bbox 440 1007 630 1052; x_wconf 81' lang='lat' dir='ltr'>Romam</span> <span class='ocrx_word' id='word_1_81' title='bbox 652 1006 806 1062; x_wconf 73' lang='lat' dir='ltr'>rediit,</span> <span class='ocrx_word' id='word_1_82' title='bbox 829 1008 876 1053; x_wconf 88' lang='lat'>&amp;</span> <span class='ocrx_word' id='word_1_83' title='bbox 911 1007 1082 1054; x_wconf 86' lang='lat' dir='ltr'>creavit</span> <span class='ocrx_word' id='word_1_84' title='bbox 1103 1007 1306 1054; x_wconf 78' lang='lat' dir='ltr'>consules</span> <span class='ocrx_word' id='word_1_85' title='bbox 1328 1009 1380 1057; x_wconf 87' lang='lat' dir='ltr'>P.</span> 
     </span>
     <span class='ocr_line' id='line_1_13' title="bbox 96 1077 1378 1141; baseline 0.002 -17"><span class='ocrx_word' id='word_1_86' title='bbox 96 1078 359 1125; x_wconf 84' lang='lat' dir='ltr'>Cornelium</span> <span class='ocrx_word' id='word_1_87' title='bbox 375 1078 631 1141; x_wconf 71' lang='lat' dir='ltr'><strong>Scipionem</strong></span> <span class='ocrx_word' id='word_1_88' title='bbox 650 1077 909 1125; x_wconf 85' lang='lat' dir='ltr'>Africanum</span> <span class='ocrx_word' id='word_1_89' title='bbox 929 1079 1087 1125; x_wconf 87' lang='lat' dir='ltr'>iterum</span> <span class='ocrx_word' id='word_1_90' title='bbox 1104 1081 1153 1127; x_wconf 68' lang='grc' dir='ltr'>ὅ(</span> <span class='ocrx_word' id='word_1_91' title='bbox 1169 1080 1239 1126; x_wconf 87' lang='lat' dir='ltr'>Ti.</span> <span class='ocrx_word' id='word_1_92' title='bbox 1253 1082 1378 1126; x_wconf 81' lang='lat' dir='ltr'>Sem-</span> 
     </span>
     <span class='ocr_line' id='line_1_14' title="bbox 95 1150 1378 1214; baseline 0.002 -19"><span class='ocrx_word' id='word_1_93' title='bbox 95 1150 310 1212; x_wconf 86' lang='lat' dir='ltr'>pronium</span> <span class='ocrx_word' id='word_1_94' title='bbox 335 1153 555 1214; x_wconf 85' lang='lat' dir='ltr'>Longum.</span> <span class='ocrx_word' id='word_1_95' title='bbox 590 1153 765 1196; x_wconf 86' lang='lat' dir='ltr'>Horum</span> <span class='ocrx_word' id='word_1_96' title='bbox 799 1163 944 1213; x_wconf 83' lang='lat' dir='ltr'>patres</span> <span class='ocrx_word' id='word_1_97' title='bbox 974 1152 1122 1214; x_wconf 87' lang='lat' dir='ltr'>primo</span> <span class='ocrx_word' id='word_1_98' title='bbox 1158 1169 1280 1198; x_wconf 87' lang='lat' dir='ltr'>anno</span> <span class='ocrx_word' id='word_1_99' title='bbox 1309 1152 1378 1198; x_wconf 83' lang='lat' dir='ltr'>se-</span> 
     </span>
     <span class='ocr_line' id='line_1_15' title="bbox 97 1222 1377 1271; baseline 0.002 -4"><span class='ocrx_word' id='word_1_100' title='bbox 97 1222 232 1268; x_wconf 84' lang='lat' dir='ltr'>cundi</span> <span class='ocrx_word' id='word_1_101' title='bbox 262 1223 421 1270; x_wconf 87' lang='lat' dir='ltr'>Punici</span> <span class='ocrx_word' id='word_1_102' title='bbox 443 1222 548 1269; x_wconf 86' lang='lat' dir='ltr'>belli</span> <span class='ocrx_word' id='word_1_103' title='bbox 581 1222 787 1269; x_wconf 85' lang='lat' dir='ltr'>consules</span> <span class='ocrx_word' id='word_1_104' title='bbox 816 1222 1004 1269; x_wconf 85' lang='lat' dir='ltr'>fuerant.</span> <span class='ocrx_word' id='word_1_105' title='bbox 1039 1224 1254 1271; x_wconf 75' lang='lat' dir='ltr'>Praetoria</span> <span class='ocrx_word' id='word_1_106' title='bbox 1273 1225 1377 1270; x_wconf 80' lang='lat' dir='ltr'>inde</span> 
     </span>
     <span class='ocr_line' id='line_1_16' title="bbox 97 1295 1376 1359; baseline 0.004 -18"><span class='ocrx_word' id='word_1_107' title='bbox 97 1295 283 1342; x_wconf 86' lang='lat' dir='ltr'>comitia</span> <span class='ocrx_word' id='word_1_108' title='bbox 309 1296 471 1343; x_wconf 82' lang='lat' dir='ltr'>habita.</span> <span class='ocrx_word' id='word_1_109' title='bbox 504 1295 636 1343; x_wconf 87' lang='lat' dir='ltr'>creati</span> <span class='ocrx_word' id='word_1_110' title='bbox 664 1297 709 1341; x_wconf 91' lang='lat' dir='ltr'>P.</span> <span class='ocrx_word' id='word_1_111' title='bbox 732 1296 974 1343; x_wconf 81' lang='lat' dir='ltr'>Cornelius</span> <span class='ocrx_word' id='word_1_112' title='bbox 995 1297 1172 1359; x_wconf 85' lang='lat' dir='ltr'><strong>Scipio,</strong></span> <span class='ocrx_word' id='word_1_113' title='bbox 1199 1301 1247 1346; x_wconf 66' lang='grc' dir='ltr'>ὅ(</span> <span class='ocrx_word' id='word_1_114' title='bbox 1279 1300 1376 1346; x_wconf 82' lang='lat' dir='ltr'>duo</span> 
     </span>
     <span class='ocr_line' id='line_1_17' title="bbox 95 1367 1376 1427; baseline 0.005 -16"><span class='ocrx_word' id='word_1_115' title='bbox 95 1367 186 1413; x_wconf 85' lang='lat' dir='ltr'>Cn.</span> <span class='ocrx_word' id='word_1_116' title='bbox 217 1368 451 1426; x_wconf 88' lang='lat' dir='ltr'>Cornelii,</span> <span class='ocrx_word' id='word_1_117' title='bbox 473 1368 687 1414; x_wconf 78' lang='lat' dir='ltr'>Merenda</span> <span class='ocrx_word' id='word_1_118' title='bbox 707 1369 755 1415; x_wconf 63' lang='grc' dir='ltr'>δέ</span> <span class='ocrx_word' id='word_1_119' title='bbox 773 1367 913 1414; x_wconf 75' lang='lat' dir='ltr'>Blasio</span> <span class='ocrx_word' id='word_1_120' title='bbox 931 1404 944 1427; x_wconf 90' lang='lat'>,</span> <span class='ocrx_word' id='word_1_121' title='bbox 964 1370 1012 1416; x_wconf 81' lang='lat'>&amp;</span> <span class='ocrx_word' id='word_1_122' title='bbox 1033 1371 1117 1416; x_wconf 87' lang='lat' dir='ltr'>Cn.</span> <span class='ocrx_word' id='word_1_123' title='bbox 1138 1370 1376 1418; x_wconf 76' lang='lat' dir='ltr'>Domitius</span> 
     </span>
     <span class='ocr_line' id='line_1_18' title="bbox 97 1436 1376 1501; baseline 0.006 -20"><span class='ocrx_word' id='word_1_124' title='bbox 97 1436 456 1495; x_wconf 79' lang='lat' dir='ltr'>Ahenobarbus,</span> <span class='ocrx_word' id='word_1_125' title='bbox 489 1440 538 1486; x_wconf 87' lang='lat'>&amp;</span> <span class='ocrx_word' id='word_1_126' title='bbox 568 1439 664 1484; x_wconf 61' lang='lat' dir='ltr'>Sex:</span> <span class='ocrx_word' id='word_1_127' title='bbox 700 1438 926 1501; x_wconf 78' lang='lat' dir='ltr'>Digitius,</span> <span class='ocrx_word' id='word_1_128' title='bbox 966 1441 1013 1487; x_wconf 86' lang='lat'>&amp;</span> <span class='ocrx_word' id='word_1_129' title='bbox 1045 1442 1100 1487; x_wconf 90' lang='lat' dir='ltr'>T.</span> <span class='ocrx_word' id='word_1_130' title='bbox 1135 1441 1376 1489; x_wconf 65' lang='lat' dir='ltr'>,luventius</span> 
     </span>
     <span class='ocr_line' id='line_1_19' title="bbox 97 1510 1377 1576; baseline 0.005 -20"><span class='ocrx_word' id='word_1_131' title='bbox 97 1510 288 1558; x_wconf 79' lang='lat' dir='ltr'>Thalna.</span> <span class='ocrx_word' id='word_1_132' title='bbox 317 1511 529 1560; x_wconf 84' lang='lat' dir='ltr'>Comitiis</span> <span class='ocrx_word' id='word_1_133' title='bbox 560 1511 788 1574; x_wconf 61' lang='lat' dir='ltr'>perstetis,</span> <span class='ocrx_word' id='word_1_134' title='bbox 820 1513 975 1559; x_wconf 86' lang='lat' dir='ltr'>consul</span> <span class='ocrx_word' id='word_1_135' title='bbox 1008 1513 1052 1558; x_wconf 89' lang='lat' dir='ltr'>in</span> <span class='ocrx_word' id='word_1_136' title='bbox 1092 1514 1377 1576; x_wconf 75' lang='lat' dir='ltr'>provinciam</span> 
     </span>
     <span class='ocr_line' id='line_1_20' title="bbox 95 1585 1375 1648; baseline 0.004 -18"><span class='ocrx_word' id='word_1_137' title='bbox 95 1585 242 1634; x_wconf 85' lang='lat' dir='ltr'>rediit.</span> <span class='ocrx_word' id='word_1_138' title='bbox 275 1588 465 1634; x_wconf 89' lang='lat' dir='ltr'>Novum</span> <span class='ocrx_word' id='word_1_139' title='bbox 485 1587 552 1648; x_wconf 83' lang='lat' dir='ltr'>jus</span> <span class='ocrx_word' id='word_1_140' title='bbox 572 1604 627 1633; x_wconf 88' lang='lat' dir='ltr'>eo</span> <span class='ocrx_word' id='word_1_141' title='bbox 648 1604 768 1634; x_wconf 88' lang='lat' dir='ltr'>anno</span> <span class='ocrx_word' id='word_1_142' title='bbox 796 1605 820 1633; x_wconf 86' lang='lat' dir='ltr'>a</span> <span class='ocrx_word' id='word_1_143' title='bbox 848 1588 1200 1635; x_wconf 76' lang='lat' dir='ltr'>Ferentinatibus</span> <span class='ocrx_word' id='word_1_144' title='bbox 1227 1600 1375 1636; x_wconf 86' lang='lat' dir='ltr'>tenta-</span> 
     </span>
     <span class='ocr_line' id='line_1_21' title="bbox 96 1660 1376 1723; baseline 0.003 -19"><span class='ocrx_word' id='word_1_145' title='bbox 96 1670 191 1704; x_wconf 79' lang='lat' dir='ltr'>tum</span> <span class='ocrx_word' id='word_1_146' title='bbox 207 1694 219 1715; x_wconf 94' lang='lat'><strong>‚</strong></span> <span class='ocrx_word' id='word_1_147' title='bbox 237 1672 284 1705; x_wconf 87' lang='lat' dir='ltr'>ut</span> <span class='ocrx_word' id='word_1_148' title='bbox 306 1660 480 1717; x_wconf 83' lang='lat' dir='ltr'>Latini,</span> <span class='ocrx_word' id='word_1_149' title='bbox 502 1660 578 1723; x_wconf 81' lang='lat' dir='ltr'>qui</span> <span class='ocrx_word' id='word_1_150' title='bbox 595 1661 642 1706; x_wconf 85' lang='lat' dir='ltr'>in</span> <span class='ocrx_word' id='word_1_151' title='bbox 670 1660 898 1707; x_wconf 84' lang='lat' dir='ltr'>coloniam</span> <span class='ocrx_word' id='word_1_152' title='bbox 918 1662 1170 1707; x_wconf 80' lang='lat' dir='ltr'>Romanam</span> <span class='ocrx_word' id='word_1_153' title='bbox 1189 1662 1376 1709; x_wconf 74' lang='lat' dir='ltr'>nomina</span> 
     </span>
     <span class='ocr_line' id='line_1_22' title="bbox 96 1731 1376 1790; baseline 0.003 -14"><span class='ocrx_word' id='word_1_154' title='bbox 96 1731 333 1790; x_wconf 76' lang='lat' dir='ltr'>dediffent,</span> <span class='ocrx_word' id='word_1_155' title='bbox 374 1733 497 1780; x_wconf 86' lang='lat' dir='ltr'><strong>cives</strong></span> <span class='ocrx_word' id='word_1_156' title='bbox 530 1731 726 1780; x_wconf 73' lang='lat' dir='ltr'>Romani</span> <span class='ocrx_word' id='word_1_157' title='bbox 765 1733 914 1780; x_wconf 73' lang='lat' dir='ltr'>essent.</span> <span class='ocrx_word' id='word_1_158' title='bbox 951 1734 1197 1790; x_wconf 82' lang='lat' dir='ltr'>Puteolos,</span> <span class='ocrx_word' id='word_1_159' title='bbox 1227 1734 1376 1781; x_wconf 84' lang='lat' dir='ltr'>Saler-</span> 
     </span>
     <span class='ocr_line' id='line_1_23' title="bbox 96 1803 1376 1868; baseline 0.001 -19"><span class='ocrx_word' id='word_1_160' title='bbox 96 1820 321 1866; x_wconf 81' lang='lat' dir='ltr'>numque,</span> <span class='ocrx_word' id='word_1_161' title='bbox 344 1806 394 1852; x_wconf 85' lang='lat'>&amp;</span> <span class='ocrx_word' id='word_1_162' title='bbox 412 1806 661 1850; x_wconf 80' lang='lat' dir='ltr'>Buxentum</span> <span class='ocrx_word' id='word_1_163' title='bbox 683 1803 887 1867; x_wconf 83' lang='lat' dir='ltr'><strong>adscripti</strong></span> <span class='ocrx_word' id='word_1_164' title='bbox 913 1805 1098 1862; x_wconf 86' lang='lat' dir='ltr'>coloni,</span> <span class='ocrx_word' id='word_1_165' title='bbox 1121 1805 1198 1868; x_wconf 82' lang='lat' dir='ltr'>qui</span> <span class='ocrx_word' id='word_1_166' title='bbox 1220 1806 1376 1851; x_wconf 84' lang='lat' dir='ltr'>nomi-</span> 
     </span>
     <span class='ocr_line' id='line_1_24' title="bbox 94 1877 1375 1940; baseline 0.005 -19"><span class='ocrx_word' id='word_1_167' title='bbox 94 1894 153 1922; x_wconf 80' lang='lat' dir='ltr'>na</span> <span class='ocrx_word' id='word_1_168' title='bbox 183 1877 419 1934; x_wconf 87' lang='lat' dir='ltr'>dederant,</span> <span class='ocrx_word' id='word_1_169' title='bbox 439 1895 541 1924; x_wconf 91' lang='lat' dir='ltr'>cum</span> <span class='ocrx_word' id='word_1_170' title='bbox 577 1878 639 1923; x_wconf 93' lang='lat' dir='ltr'>ob</span> <span class='ocrx_word' id='word_1_171' title='bbox 673 1877 719 1922; x_wconf 86' lang='lat' dir='ltr'>id</span> <span class='ocrx_word' id='word_1_172' title='bbox 750 1878 791 1924; x_wconf 91' lang='lat' dir='ltr'>se</span> <span class='ocrx_word' id='word_1_173' title='bbox 823 1894 908 1940; x_wconf 90' lang='lat' dir='ltr'>pro</span> <span class='ocrx_word' id='word_1_174' title='bbox 945 1877 1121 1925; x_wconf 78' lang='lat' dir='ltr'>civibus</span> <span class='ocrx_word' id='word_1_175' title='bbox 1158 1880 1375 1927; x_wconf 83' lang='lat' dir='ltr'>Romanis</span> 
     </span>
     <span class='ocr_line' id='line_1_25' title="bbox 94 1949 1372 2013; baseline 0.003 -17"><span class='ocrx_word' id='word_1_176' title='bbox 94 1949 291 2010; x_wconf 82' lang='lat' dir='ltr'>ferrent,</span> <span class='ocrx_word' id='word_1_177' title='bbox 314 1951 483 1999; x_wconf 87' lang='lat' dir='ltr'>senatus</span> <span class='ocrx_word' id='word_1_178' title='bbox 509 1951 759 2013; x_wconf 80' lang='lat' dir='ltr'>judicavit,</span> <span class='ocrx_word' id='word_1_179' title='bbox 780 1969 874 2000; x_wconf 86' lang='lat' dir='ltr'>non</span> <span class='ocrx_word' id='word_1_180' title='bbox 901 1952 986 2000; x_wconf 80' lang='lat' dir='ltr'>effe</span> <span class='ocrx_word' id='word_1_181' title='bbox 1013 1969 1091 2001; x_wconf 85' lang='lat' dir='ltr'>eos</span> <span class='ocrx_word' id='word_1_182' title='bbox 1119 1953 1242 2001; x_wconf 86' lang='lat' dir='ltr'>cives</span> <span class='ocrx_word' id='word_1_183' title='bbox 1272 1955 1372 2000; x_wconf 82' lang='lat' dir='ltr'>Ro-</span> 
     </span>
     <span class='ocr_line' id='line_1_26' title="bbox 92 2038 265 2069; baseline 0.012 -2"><span class='ocrx_word' id='word_1_184' title='bbox 92 2038 265 2069; x_wconf 80' lang='lat' dir='ltr'>manos.</span> 
     </span>
    </p>

    <p class='ocr_par' dir='ltr' id='par_1_4' title="bbox 91 2095 1373 2522">
     <span class='ocr_line' id='line_1_27' title="bbox 159 2095 1373 2161; baseline 0.004 -21"><span class='ocrx_word' id='word_1_185' title='bbox 159 2097 313 2143; x_wconf 82' lang='lat' dir='ltr'>XLlII.</span> <span class='ocrx_word' id='word_1_186' title='bbox 353 2095 583 2158; x_wconf 84' lang='lat' dir='ltr'>Principio</span> <span class='ocrx_word' id='word_1_187' title='bbox 610 2097 742 2155; x_wconf 85' lang='lat' dir='ltr'>anni,</span> <span class='ocrx_word' id='word_1_188' title='bbox 768 2114 860 2161; x_wconf 83' lang='lat' dir='ltr'>quo</span> <span class='ocrx_word' id='word_1_189' title='bbox 889 2099 935 2144; x_wconf 81' lang='lat' dir='ltr'>P.</span> <span class='ocrx_word' id='word_1_190' title='bbox 961 2097 1112 2160; x_wconf 83' lang='lat' dir='ltr'><strong>Scipio</strong></span> <span class='ocrx_word' id='word_1_191' title='bbox 1135 2097 1373 2146; x_wconf 74' lang='lat' dir='ltr'>Africanus</span> 
     </span>
     <span class='ocr_line' id='line_1_28' title="bbox 93 2166 1372 2234; baseline 0.005 -23"><span class='ocrx_word' id='word_1_192' title='bbox 93 2166 253 2212; x_wconf 81' lang='lat' dir='ltr'>iterum</span> <span class='ocrx_word' id='word_1_193' title='bbox 277 2170 325 2215; x_wconf 87' lang='lat'>&amp;</span> <span class='ocrx_word' id='word_1_194' title='bbox 343 2169 416 2216; x_wconf 91' lang='lat' dir='ltr'>Ti.</span> <span class='ocrx_word' id='word_1_195' title='bbox 435 2169 720 2230; x_wconf 83' lang='lat' dir='ltr'>Sempronius</span> <span class='ocrx_word' id='word_1_196' title='bbox 740 2172 921 2234; x_wconf 80' lang='lat' dir='ltr'>Longus</span> <span class='ocrx_word' id='word_1_197' title='bbox 938 2171 1142 2217; x_wconf 75' lang='lat' dir='ltr'>consules</span> <span class='ocrx_word' id='word_1_198' title='bbox 1162 2170 1372 2230; x_wconf 82' lang='lat' dir='ltr'>fuerunt,</span> 
     </span>
     <span class='ocr_line' id='line_1_29' title="bbox 92 2236 1371 2302; baseline 0.006 -20"><span class='ocrx_word' id='word_1_199' title='bbox 92 2236 227 2300; x_wconf 82' lang='lat' dir='ltr'>legati</span> <span class='ocrx_word' id='word_1_200' title='bbox 251 2238 436 2284; x_wconf 86' lang='lat' dir='ltr'>Nabidis</span> <span class='ocrx_word' id='word_1_201' title='bbox 467 2239 652 2302; x_wconf 80' lang='lat' dir='ltr'>tyranni</span> <span class='ocrx_word' id='word_1_202' title='bbox 677 2241 868 2288; x_wconf 77' lang='lat' dir='ltr'>Romam</span> <span class='ocrx_word' id='word_1_203' title='bbox 891 2255 1126 2288; x_wconf 77' lang='lat' dir='ltr'>venerunt.</span> <span class='ocrx_word' id='word_1_204' title='bbox 1161 2242 1215 2289; x_wconf 85' lang='lat' dir='ltr'>Iis</span> <span class='ocrx_word' id='word_1_205' title='bbox 1243 2254 1371 2290; x_wconf 75' lang='lat' dir='ltr'>extra</span> 
     </span>
     <span class='ocr_line' id='line_1_30' title="bbox 91 2308 1371 2377; baseline 0.005 -24"><span class='ocrx_word' id='word_1_206' title='bbox 91 2308 246 2354; x_wconf 73' lang='lat' dir='ltr'>urbem</span> <span class='ocrx_word' id='word_1_207' title='bbox 264 2308 309 2354; x_wconf 87' lang='lat' dir='ltr'>in</span> <span class='ocrx_word' id='word_1_208' title='bbox 331 2310 423 2356; x_wconf 72' lang='lat' dir='ltr'>aede</span> <span class='ocrx_word' id='word_1_209' title='bbox 443 2310 667 2372; x_wconf 86' lang='lat' dir='ltr'>Apollinis</span> <span class='ocrx_word' id='word_1_210' title='bbox 696 2310 866 2358; x_wconf 86' lang='lat' dir='ltr'>senatus</span> <span class='ocrx_word' id='word_1_211' title='bbox 891 2312 1018 2359; x_wconf 87' lang='lat' dir='ltr'>datus</span> <span class='ocrx_word' id='word_1_212' title='bbox 1038 2313 1112 2359; x_wconf 84' lang='lat' dir='ltr'>est.</span> <span class='ocrx_word' id='word_1_213' title='bbox 1135 2330 1250 2375; x_wconf 82' lang='lat' dir='ltr'>pax,</span> <span class='ocrx_word' id='word_1_214' title='bbox 1269 2331 1371 2377; x_wconf 76' lang='lat' dir='ltr'>quae</span> 
     </span>
     <span class='ocr_line' id='line_1_31' title="bbox 93 2381 1373 2450; baseline 0.006 -24"><span class='ocrx_word' id='word_1_215' title='bbox 93 2397 194 2427; x_wconf 84' lang='lat' dir='ltr'>cum</span> <span class='ocrx_word' id='word_1_216' title='bbox 213 2383 268 2427; x_wconf 87' lang='lat' dir='ltr'>T.</span> <span class='ocrx_word' id='word_1_217' title='bbox 292 2381 512 2441; x_wconf 59' lang='lat' dir='ltr'>Quinctio</span> <span class='ocrx_word' id='word_1_218' title='bbox 545 2385 855 2443; x_wconf 73' lang='lat' dir='ltr'>convenifi&#39;et,</span> <span class='ocrx_word' id='word_1_219' title='bbox 878 2399 927 2433; x_wconf 86' lang='lat' dir='ltr'>ut</span> <span class='ocrx_word' id='word_1_220' title='bbox 952 2400 1041 2432; x_wconf 85' lang='lat' dir='ltr'>rata</span> <span class='ocrx_word' id='word_1_221' title='bbox 1070 2387 1201 2443; x_wconf 80' lang='lat' dir='ltr'>effet,</span> <span class='ocrx_word' id='word_1_222' title='bbox 1227 2388 1373 2450; x_wconf 77' lang='lat' dir='ltr'>petie-J</span> 
     </span>
     <span class='ocr_line' id='line_1_32' title="bbox 93 2453 1372 2522; baseline 0.009 -26"><span class='ocrx_word' id='word_1_223' title='bbox 93 2464 222 2513; x_wconf 84' lang='lat' dir='ltr'>runt,</span> <span class='ocrx_word' id='word_1_224' title='bbox 245 2453 700 2522; x_wconf 75' lang='lat' dir='ltr'>impetraveruntque.</span> <span class='ocrx_word' id='word_1_225' title='bbox 739 2457 813 2505; x_wconf 86' lang='lat' dir='ltr'>De</span> <span class='ocrx_word' id='word_1_226' title='bbox 840 2458 1094 2521; x_wconf 79' lang='lat' dir='ltr'>provinciis</span> <span class='ocrx_word' id='word_1_227' title='bbox 1123 2476 1227 2507; x_wconf 76' lang='lat' dir='ltr'>cum</span> <span class='ocrx_word' id='word_1_228' title='bbox 1253 2459 1372 2514; x_wconf 66' lang='lat' dir='ltr'>rela-‚</span> 
     </span>
    </p>
   </div>
  </div>
 </body>
</html>
