1592 2724
190 143 286 195 322
540 127 1109 176 T1T1L1vl1

192 252 377 285 omnem
402 233 656 291 Graeciam,
686 235 736 282 &
762 231 958 295 propriis
995 231 1040 277 in
1066 234 1330 279 Boeotoru'm
1362 248 1472 296 gen·-

193 323 311 369 tem,
345 308 542 367 meritis,
572 306 748 371 segnior
777 306 860 367 jam
891 308 941 353 &
977 303 1221 359 infirmior,
1252 321 1383 366 quam
1423 317 1472 350 ut

190 384 537 434 contentionem
558 379 736 427 dicendi
755 379 1005 436 sustineret,
1040 379 1268 424 obn-munt
1288 380 1335 426 &z
1358 395 1476 425 con-

189 456 316 507 cidit.
352 456 564 512 Et‚·dun·.
595 468 741 516 xgern
763 450 971 498 auferunt
1002 450 1316 511 perferuntque
1347 462 1474 511 parte

189 529 499 580 membrorum
533 537 742 589 captum,
776 524 997 588 paulisper
1033 525 1198 572 con-:io
1233 524 1476 570 intermissa

188 604 268 652 est.
304 600 543 647 Aristaenus
580 598 711 655 inde,
744 599 1013 645 Achaeorum
1049 612 1242 662 praetor,
1274 614 1330 644 eo
1352 614 1477 644 vcum·

190 674 363 737 majore
389 671 650 719 auctoritate
680 670 887 728 auditus,
920 673 1044 734 quod
1073 688 1167 719 non
1197 671 1309 728 alia,
1339 687 1474 734 quam

190 766 292 812 quae
321 745 500 794 Achaeis
532 743 748 800 suaserat,
783 743 957 789 Boeotis
984 744 1205 791 suadebat.
1244 744 1386 790 Pauca
1417 743 1474 789 ab

189 820 289 884 ipso
304 817 524 879 Quinffio
540 814 730 878 adjesla,
749 813 881 861 fidem
897 815 1033 879 magis
1044 816 1296 863 Romanam
1310 852 1322 872 ,
1338 832 1474 879 quam

193 909 315 939 arma
339 902 415 938 aut
443 905 553 952 opes
568 925 580 947 ‚
601 887 852 936 extollente
885 887 1050 935 verbis.
1074 889 1270 951 Rogatio
1292 888 1393 934 inde
1409 924 1421 943 ,
1448 905 1477 934 a

190 963 419 1013 Plataeenfi
441 961 716 1011 Dicaearcho
746 961 833 1008 lata
862 961 1161 1025 recitataque,
1182 962 1236 1008 de
1265 961 1476 1008 societate

190 1056 297 1087 cum
327 1035 547 1083 Romanis
578 1033 831 1097 jungenda,
862 1033 991 1079 nullo
1021 1045 1179 1081 contra
1215 1034 1361 1080 dicere
1393 1051 1476 1080 an-

194 1113 355 1170 dente‚
386 1109 592 1157 omnium
623 1107 818 1154 Boeotiae
847 1107 1081 1154 civitatum
1114 1101 1322 1160 susti-agiis
1353 1103 1476 1148 acci-

192 1178 315 1241 pitur
339 1175 619 1237 jubeturque.
649 1174 867 1219 Concilio
892 1172 1065 1219 dimiffo
1086 1208 1098 1230 ,
1121 1173 1360 1233 Quinctius
1378 1187 1474 1221 tan-

193 1262 290 1295 tum
313 1246 482 1293 Thebis
502 1255 730 1302 moratus,
760 1256 978 1307 quantum
1008 1244 1143 1291 Attali
1173 1262 1331 1307 repens
1351 1247 1474 1294 casus

191 1319 371 1382 coegit,
396 1315 637 1381 postquam
671 1330 767 1360 non
798 1315 904 1361 vitae
923 1316 1111 1379 praesens
1132 1316 1380 1378 periculum
1402 1318 1475 1365 vis

191 1391 345 1438 morbi
368 1387 599 1449 attulisse,
631 1385 703 1432 sed
739 1386 1047 1432 membrorum
1079 1387 1348 1434 debilitatem
1383 1389 1474 1435 visa

191 1463 255 1510 est
270 1498 283 1520 ,
304 1452 462 1508 relicto
483 1476 540 1506 eo
559 1459 615 1505 ad
640 1458 1218 1525 curationemlneceffariam
1239 1461 1474 1523 corporis,

190 1536 380 1584 Elatiam
397 1570 409 1592 ,
441 1533 562 1580 unde
586 1531 812 1595 profectus
838 1544 957 1590 erat,
982 1533 1122 1588 redit;
1150 1534 1325 1580 Boeotis
1350 1552 1473 1596 quo-

189 1624 305 1671 que,
326 1606 437 1654 ficut
458 1606 581 1668 prius
606 1604 808 1659 Achaeis,
831 1603 886 1650 ad
913 1603 1170 1650 societatem
1199 1604 1399 1663 adscitis,
1420 1609 1472 1655 ὃς

190 1681 373 1746 quando
396 1694 489 1727 tuta
514 1696 563 1726 ea
585 1690 822 1742 pacataque
846 1677 901 1724 ab
926 1690 1052 1740 tergo
1080 1678 1475 1740 relinquebantur,

190 1757 402 1802 omnibus
420 1754 507 1815 jam
530 1751 883 1816 cogitationibus
902 1751 948 1796 in
971 1751 1250 1815 Philippum,
1276 1753 1326 1799 &
1343 1753 1472 1815 quod

188 1831 414 1894 reliquum
445 1827 550 1874 belli
567 1839 685 1885 erat,
716 1825 961 1873 conversis.

255 1906 326 1949 111.
353 1901 582 1963 Philippus
612 1915 795 1962 quoque
820 1899 967 1960 primo
986 1914 1095 1943 vere
1111 1932 1124 1955 ,
1150 1896 1386 1959 postquam
1407 1897 1471 1943 le·

188 1975 279 2039 gari
310 1975 365 2020 ab
392 1977 539 2020 Roma
561 1972 671 2018 nihil
695 1971 841 2034 pacati
861 1970 1366 2027 retulerant„dele6tum
1391 1987 1470 2032 per

189 2045 345 2094 omnia
373 2044 538 2107 oppida
558 2042 683 2105 regni
701 2043 858 2088 habere
879 2040 1091 2098 instituit,
1117 2040 1164 2086 in
1185 2057 1343 2104 magna
1365 2040 1470 2086 ino-

187 2120 262 2182 pia
296 2117 542 2178 juniorum.
581 2114 879 2162 absumserant
921 2112 1041 2159 enim
1075 2129 1153 2174 per
1187 2113 1349 2158 multas
1378 2111 1468 2173 jam

190 2203 340 2238 :etates
362 2189 578 2237 continua
611 2187 726 2234 bella
752 2187 1019 2234 Macedonas
1039 2206 1050 2234 ε
1074 2185 1170 2247 ipso
1193 2204 1377 2251 quoque
1395 2204 1468 2232 re·-

187 2276 385 2328 gnante,
419 2265 469 2311 &
496 2261 730 2310 navalibus
761 2260 885 2306 bellis
915 2260 1123 2307 adversus
1153 2259 1357 2305 Rhodios
1385 2263 1470 2304 At·

188 2339 444 2403 talumque,
475 2339 524 2386 ὅ(
553 2336 829 2386 terrestribus
852 2334 1064 2381 adversus
1086 2335 1322 2380 Romanos
1349 2332 1468 2379 ceci-

187 2412 313 2460 derat
341 2427 526 2476 magnus
556 2426 780 2457 numerus.
804 2409 875 2456 ⁴ita
909 2411 958 2457 δε
986 2408 1158 2456 tirones
1193 2408 1249 2454 ab
1278 2406 1469 2455 sedecim
