1592 2724
371 165 927 214 H15TOR1ARUM
963 169 1084 215 ΜΒ.
1120 168 1276 216 xxx.
1369 184 1451 234 193

169 269 216 317 in
251 269 479 318 concione
519 272 729 330 ederent,
763 273 810 318 &
848 271 988 335 Gisgo
1029 273 1084 319 ad
1124 273 1457 323 dissuadendam

167 360 324 407 pacem
346 344 644 407 proceffiffet,
669 343 980 406 audireturque
1002 360 1027 390 a
1052 345 1338 394 multitudine
1353 384 1365 406 ,
1385 349 1458 396 in-

169 416 321 479 quieta
341 417 492 463 eadem
515 419 564 463 &
591 416 759 462 imbelli
779 435 788 461 ε
809 415 1063 479 indignatus
1091 417 1338 476 Hannibal,
1368 420 1456 468 clici

170 504 222 536 ea
252 488 298 535 in
326 489 405 535 tali
432 501 634 551 tempore
663 487 924 550 audirique,
954 500 1178 549 arreptum
1206 488 1457 551 Gisgonem

172 577 307 606 manu
337 559 412 606 sua
436 576 491 605 ex
522 557 752 620 superiore
773 558 880 605 loco
907 559 1114 605 detraxit.
1147 561 1264 619 Quae
1285 560 1456 609 insueta

171 632 326 679 liberae
356 630 530 679 civitati
563 630 730 692 species
768 647 869 677 cum
905 629 1129 676 fremitum
1159 633 1319 694 populi
1354 651 1458 681 mo-

169 703 330 761 viffet,
361 702 639 765 perturbatus
678 701 879 747 militaris
918 702 990 748 vir
1026 702 1193 748 urbana
1228 703 1459 766 libertate,

172 781 332 824 JVovetn
348 813 361 835 ,
383 776 556 839 inquit,
579 795 785 822 armorum
819 796 845 820 a
870 779 985 822 vobis
1004 777 1211 836 prcfeflus
1226 813 1239 832 ,
1249 781 1345 846 post
1349 783 1461 842 sex-

171 867 258 896 zum
284 849 326 896 Θ
357 849 599 913 ericestmzmz
633 867 792 893 annum
819 852 933 894 redii.
964 851 1177 894 Militares
1200 868 1327 908 ames,
1357 870 1461 913 quas

173 942 235 968 me
254 942 280 968 a
291 941 421 983 puero
432 921 610 980 fortuna
634 939 743 967 num·
756 922 955 981 privata,
979 940 1089 967 stunc
1103 925 1274 981 publica
1294 927 1460 984 docuit,

167 996 293 1056 probe
311 995 455 1044 videor
459 994 582 1052 stite.
606 993 737 1036 Urbis
755 1012 802 1036 ac
817 992 911 1049 fim'
921 993 1048 1048 jum,
1066 996 1193 1052 leges,
1212 1013 1363 1052 mores,
1388 1013 1461 1041 visos

175 1086 237 1113 me
267 1082 420 1126 oportet
441 1067 632 1110 doceatis.
665 1063 880 1110 Excusata
903 1064 1203 1126 imprudentia
1224 1102 1238 1122 ,
1266 1067 1320 1113 de
1352 1085 1463 1130 pace

174 1139 327 1186 multis
354 1137 503 1184 verbis
527 1137 722 1183 differuit
738 1173 751 1195 ‚
774 1155 906 1200 quam
930 1154 1012 1183 nec
1039 1136 1218 1200 iniqua,
1240 1141 1288 1187 δέ
1308 1140 1463 1187 neces·

176 1208 286 1257 saria
312 1208 428 1256 effer.
459 1208 506 1254 Id
531 1208 735 1254 omnium
762 1208 954 1255 maxime
982 1209 1162 1256 difficile
1188 1222 1304 1270 erat,
1336 1213 1462 1275 quod

175 1299 233 1329 ex
265 1282 456 1329 navibus
485 1298 564 1343 per
589 1281 790 1330 inducias
825 1282 961 1344 captis
991 1282 1127 1338 nihil,
1161 1295 1321 1345 praeter
1351 1285 1462 1347 ipsas

176 1353 466 1416 comparebat
488 1370 650 1409 nave53
669 1370 814 1417 neque
834 1354 1066 1418 inquifitio
1086 1369 1177 1402 erat
1194 1354 1337 1404 facilis
1351 1395 1366 1415 ,
1386 1359 1465 1405 ad-

175 1425 456 1476 versantibus
495 1425 621 1488 paci,
656 1425 732 1489 qui
768 1441 1073 1490 arguerentur.
1116 1427 1287 1475 Placuit
1325 1447 1466 1477 naves

178 1497 333 1556 reddi,
359 1499 409 1544 ὅ(
437 1497 643 1543 homines
665 1498 818 1561 utique
842 1498 1022 1561 inquiri.
1054 1501 1212 1546 Cetera
1229 1536 1242 1558 ,
1265 1517 1364 1564 quae
1383 1504 1466 1548 ab·

177 1571 342 1629 effent,
367 1570 620 1617 aestimanda
646 1570 848 1633 Scipioni
875 1571 1072 1634 permitti
1095 1591 1104 1620 t
1133 1585 1266 1636 atque
1298 1574 1358 1620 ita
1388 1594 1468 1638 pe-

181 1646 313 1693 cunia
340 1645 461 1691 luere
491 1644 892 1708 Carthaginienses,
922 1647 1034 1692 Sunt
1063 1645 1139 1708 qui
1170 1647 1467 1697 Hannibalem

181 1735 239 1764 ex
267 1717 360 1764 acie
380 1717 433 1763 ad
448 1733 568 1762 mare
595 1718 840 1778 pervenisse
855 1753 868 1775 ,
886 1718 989 1764 inde
1014 1732 1256 1781 praeparata
1276 1737 1392 1768 nave
1412 1724 1468 1770 ad

181 1806 331 1852 regem
370 1789 649 1836 Antiochum
697 1792 926 1853 extemplo
968 1791 1219 1854 profectum
1257 1795 1467 1844 tradant:

182 1861 517 1925 postulantique
552 1878 654 1908 ante
699 1863 854 1909 omnia
888 1863 1119 1925 Scipioni,
1156 1878 1207 1912 ut
1244 1868 1470 1918 Hannibal

184 1933 266 1980 fibi
307 1934 580 1993 traderetur,
615 1933 878 1997 responsum
923 1937 1041 1994 effe,
1080 1937 1375 1986 Hannibalem
1423 1943 1469 1988 in

186 2005 335 2052 Africa
365 2022 456 2051 non
486 2006 584 2054 effe.

251 2078 519 2124 XXXVIII.
552 2078 789 2142 Postquam
818 2078 1044 2128 redierunt
1059 2082 1112 2128 ad
1130 2083 1390 2147 Scipionem
1410 2087 1474 2133 len'

187 2151 306 2216 gati3
336 2167 437 2213 quae
466 2151 643 2213 publica
676 2153 722 2198 in
755 2154 949 2200 navibus
970 2155 1168 2213 fuerant,
1197 2168 1251 2203 ex
1281 2159 1474 2220 publicis

188 2223 405 2287 descripta
437 2221 685 2271 rationibus
711 2224 976 2289 quaestores,
999 2246 1100 2291 quae
1128 2230 1305 2292 privata
1322 2267 1335 2288 ,
1361 2249 1474 2293 pro-

187 2294 305 2344 fiteri
336 2294 508 2343 domini
536 2295 663 2358 juffi3
686 2314 771 2360 pro
792 2315 840 2344 ea
872 2299 1038 2350 summa
1069 2302 1274 2363 pecuniaz
1305 2303 1471 2366 viginti

189 2371 391 2436 quinque
410 2368 548 2417 millia
568 2371 725 2434 pondo
755 2373 928 2436 argenti
948 2374 1179 2437 praesentia
1199 2377 1349 2422 exaffla
1368 2396 1377 2423 :
1401 2378 1474 2423 in-

190 2445 423 2509 duciaeque
462 2445 904 2509 Carthaginiensibus
943 2449 1054 2496 datae
1090 2450 1138 2496 in
1170 2462 1257 2496 tres
1290 2452 1475 2504 menses.

259 2523 309 2568 T.
334 2522 427 2568 Liv.
455 2524 554 2568 Vol.
589 2523 644 2568 V.
1179 2523 1223 2569 N
