1592 2724
259 169 807 218 HISTORIARUM
844 172 969 219 LIB.
1004 173 1218 220 XXXIV.
1288 188 1376 235 401

100 296 256 326 muros
288 279 628 326 ascendentibus
661 279 910 336 Romanis,
938 280 1065 327 illinc
1096 298 1198 328 arce
1227 295 1382 345 capta,

100 351 315 398 barbaros
336 352 636 398 circumvasit.
653 351 794 409 Hujus
810 351 980 412 potitus
1002 352 1091 398 loci
1106 354 1265 400 consul
1279 371 1355 401 eos
1369 391 1384 413 ,

100 425 178 486 qui
219 441 365 470 arcem
400 435 661 480 tenuerant,
689 423 854 469 liberos
889 422 972 468 effe
1008 441 1111 470 cum
1151 426 1385 488 cognatis,

101 496 265 560 suaque
297 498 455 542 habere
474 496 590 556 juffit
611 514 621 541 z
648 496 947 558 Vergestanos
970 508 1143 542 ceteros
1158 533 1170 554 ,
1191 499 1385 560 quaesto-

102 569 168 626 ri,
191 582 239 616 ut
269 570 512 625 venderet,
535 568 775 630 imperavit
794 586 803 617 :¹
826 568 877 614 de
906 568 1192 630 praedonibus
1214 569 1383 632 suppli-

103 642 222 688 cium
260 641 420 687 sumsit.
458 642 613 686 Pacata
650 639 916 701 provincia,
954 640 1189 703 vectigalia
1226 658 1385 704 magna

103 713 147 759 in
158 713 294 758 stituit
322 729 377 758 ex
398 711 588 758 ferrariis
607 711 950 774 argentariisque
965 745 979 768 ,
1016 714 1178 776 quibus
1199 727 1290 760 tum
1314 714 1386 761 in-

104 784 291 842 stitutis,
312 784 590 848 locupletior
613 785 659 830 in
684 786 775 831 dies
804 786 1046 847 provincia
1077 785 1176 831 fuit.
1209 786 1285 832 Ob
1306 787 1385 834 has

102 875 172 904 res
204 857 340 921 gestas
382 859 427 903 in
460 856 670 918 Hispania
702 856 1073 920 supplicationem
1108 858 1154 905 in
1188 859 1385 906 triduum

102 932 252 977 Patres
284 931 594 976 decreverunt.

170 1007 315 1051 XXII.
353 1004 517 1050 Eadem
550 1002 696 1049 aestate
735 1004 843 1050 alter
893 1004 1050 1051 consul
1095 1005 1142 1051 L.
1178 1005 1386 1053 Valerius

104 1079 288 1125 Flaccus
321 1078 364 1123 in
388 1077 533 1123 Gallia
556 1094 658 1123 cum
684 1076 904 1135 Boiorum
937 1095 1072 1124 manu
1105 1090 1292 1141 propter
1315 1079 1388 1125 Li-

103 1162 252 1197 tanam
304 1149 457 1196 silvam
476 1185 491 1205 ‚
537 1146 669 1209 signis
717 1147 921 1205 collatis,
969 1148 1164 1195 secundo
1215 1151 1386 1212 proelio

103 1221 329 1269 conflixit.
363 1222 484 1266 Octo
518 1219 655 1265 millia
690 1220 930 1266 Gallorum
971 1220 1080 1267 caesa
1119 1222 1385 1268 traduntur:

106 1294 269 1352 ceteri,
302 1292 465 1339 omisso
502 1291 658 1350 bello,
695 1292 741 1337 in
777 1292 908 1339 vicos
947 1291 1048 1338 suos
1088 1304 1218 1354 atque
1257 1310 1388 1357 agros

104 1364 271 1427 dilapsi.
309 1363 482 1409 Consul
506 1363 727 1425 reliquum
760 1362 916 1409 aestatis
952 1364 1069 1410 circa
1097 1366 1258 1411 Padum
1290 1367 1389 1412 Pla-

104 1438 264 1486 centiae
302 1438 350 1484 &
387 1438 628 1483 Cremonae
669 1438 912 1483 exercitum
952 1438 1136 1496 habuit,
1177 1439 1388 1487 restituit-=

105 1527 223 1573 que,
254 1527 353 1572 quae
375 1509 419 1555 in
442 1510 494 1555 iis
520 1509 697 1571 oppidis
726 1508 846 1555 bello
867 1510 1010 1556 diruta
1045 1511 1237 1560 fuerant.
1270 1513 1389 1560 Cum

106 1586 181 1632 hic
218 1584 354 1630 status
390 1601 538 1630 rerum
572 1583 619 1628 in
658 1583 779 1629 ltalia
824 1584 1127 1648 Hispaniaque
1161 1586 1297 1642 effet,
1332 1587 1389 1634 T.

108 1656 328 1716 Quinffio
345 1693 358 1715 ,
379 1657 423 1702 in
447 1656 624 1703 Graecia
644 1655 704 1702 ita
722 1656 917 1702 hibernis
945 1658 1074 1713 actis,
1099 1671 1169 1715 ut,
1191 1659 1390 1721 exceptis

107 1729 293 1786 AEtolis,
314 1728 478 1792 quibus
502 1745 582 1775 nec
605 1744 688 1790 pro
715 1729 786 1790 spe
810 1729 1013 1776 victoriae
1034 1730 1212 1792 praemia
1239 1731 1391 1778 contin

107 1813 285 1865 gerant,
321 1818 404 1848 nec
443 1801 520 1847 diu
563 1801 689 1864 quies
727 1801 903 1862 placere
940 1814 1140 1864 poterat,
1183 1803 1392 1850 universa

111 1874 318 1930 Graecia,
338 1874 463 1919 simul
485 1874 606 1936 pacis
635 1873 936 1937 libertatisque
966 1875 1198 1936 perfruens
1229 1876 1360 1921 bonis
1378 1912 1393 1931 ,

108 1947 288 2011 egregie
319 1947 430 1992 statu
460 1947 539 1992 suo
561 1947 793 2009 gauderet,
814 1963 897 1993 nec
924 1947 1063 2011 magis
1083 1947 1129 1994 in
1151 1948 1270 1995 bello
1295 1948 1392 1997 vir-

108 2033 251 2069 tutem
276 2021 472 2066 Romani
503 2021 658 2077 ducis,
678 2038 810 2083 quam
843 2022 889 2067 in
920 2022 1107 2069 vi&oria
1135 2039 1391 2085 temperans

110 2094 218 2141 tiam
237 2093 531 2156 justitiamque
545 2096 594 2141 δε
614 2094 967 2140 moderationem
989 2095 1222 2141 miraretur
1238 2132 1251 2153 ,
1273 2095 1395 2142 sena-

111 2164 458 2222 tusconsultum,
478 2181 571 2227 quo
596 2165 763 2212 bellum
784 2166 992 2213 adversus
1015 2168 1162 2214 Nabim
1185 2168 1395 2213 Lacedae-

111 2238 319 2286 monium
343 2239 568 2284 decretum
591 2250 711 2296 erat,
730 2239 922 2285 affertur.
954 2241 1065 2298 Quo
1086 2240 1225 2296 lecto,
1247 2240 1396 2298 Quin·

111 2310 250 2364 filius,
267 2320 501 2354 conventu
523 2307 797 2354 Corinthum
816 2309 1018 2354 omnium
1039 2309 1259 2355 sociarum
1278 2310 1396 2358 civi--⁴

113 2392 252 2427 tatum
284 2379 581 2441 legationibus
605 2379 654 2425 in
679 2381 795 2425 diem
823 2393 987 2426 certam
1012 2382 1183 2439 editio,
1201 2383 1276 2429 ubi
1305 2382 1396 2430 fres

112 2468 300 2517 quentes
331 2450 529 2513 undique
558 2451 780 2515 principes
813 2466 1150 2510 convenerunt,
1182 2454 1243 2502 ita
1271 2468 1319 2501 ut
1340 2472 1397 2502 ne

181 2527 232 2576 T.
258 2528 375 2572 Livii
409 2529 508 2572 Vol.
534 2530 590 2573 V.
1067 2526 1145 2574 (ῖς
