1592 2724
180 149 278 204 2300
555 140 1118 195 T1T1L1V11

177 247 369 293 debatur
386 282 400 305 ‚
425 255 524 294 tum
545 247 673 296 fimul
696 250 753 296 ab
774 251 900 297 omni
923 262 1047 313 parte
1078 252 1288 316 operibus
1314 256 1471 304 armis}

178 332 270 378 que
289 314 445 363 urbem
471 317 533 363 est
557 320 788 381 aggressus.
822 320 973 367 Ariete
1000 323 1188 369 admoto
1204 360 1218 381 ,
1249 339 1471 387 quantum

178 387 296 436 inter
316 401 458 436 turres
485 391 604 438 muri
629 404 722 439 erat
746 406 982 455 prorutum
1000 431 1013 453 ‚
1046 413 1150 443 cum
1173 396 1343 461 ingenti
1378 400 1471 447 fra-1

176 479 288 524 gore
318 480 369 510 ac
398 462 582 526 strepitu
611 466 810 513 nudaffet
842 468 1027 526 urbem,
1057 469 1185 516 fimul
1220 472 1269 518 &
1301 471 1473 518 cohors

178 536 387 582 Romana
406 554 485 599 per
502 549 704 600 apertum
724 539 894 586 recenti
914 540 1054 604 strage
1082 541 1166 589 iter
1196 542 1384 599 invafit3
1419 545 1472 591 δε

177 625 238 655 ex
266 609 479 656 omnibus
515 610 676 673 oppidi
706 612 934 674 partibus,
970 614 1133 661 relictis
1165 615 1249 663 suis
1280 616 1471 680 quisque

178 679 473 743 stationibus,
504 681 551 728 in
586 699 716 740 eum,
750 685 830 746 qui
859 686 1143 747 premebatur
1179 687 1352 751 impetu
1381 689 1471 734 ho-

178 751 307 798 stium
324 783 338 806 ,
370 752 521 800 locum
542 769 890 804 concurrerunt.
931 760 1103 806 Eodem
1128 772 1336 824 tempore
1370 762 1471 807 Ro-

176 824 299 870 mani
333 826 384 873 &
411 825 563 874 ruinas
591 829 709 875 muri
738 828 1098 892 supervadebant
1116 868 1130 890 ,
1165 835 1215 880 &
1249 833 1384 881 scalas
1414 833 1470 880 ad

177 895 336 944 stantia
366 898 535 946 moenia
555 900 819 949 inferebant.
856 905 930 959 &,
948 904 1055 950 dum
1076 904 1121 950 in
1142 922 1277 952 unam
1299 920 1469 969 partem

177 970 342 1019 oculos
358 971 620 1037 animosque
635 975 831 1023 hostium
851 988 1079 1025 certamen
1100 991 1347 1037 averterat,
1363 979 1469 1042 plu-

176 1044 301 1092 ribus
333 1046 448 1093 locis
478 1046 605 1095 scalis
635 1053 813 1112 capitur
841 1068 1021 1110 murus,
1054 1052 1299 1116 armatique
1328 1052 1372 1098 in
1394 1069 1471 1098 ur·

177 1116 281 1163 bem
307 1118 694 1169 transcenderunt.
743 1139 837 1185 quo
872 1124 1068 1170 tumultu
1107 1124 1293 1181 audito,
1323 1123 1473 1173 territi

177 1188 326 1237 hostes
347 1225 360 1248 ,
385 1191 541 1241 relicto
558 1229 572 1252 ,
598 1210 731 1257 quem
754 1195 951 1244 conferti
972 1196 1237 1256 tuebantur,
1264 1198 1398 1256 loco,
1420 1197 1469 1243 in

178 1281 325 1312 arcem
346 1282 505 1314 omnes
523 1280 672 1327 metu,
699 1269 862 1316 inermi
882 1285 1070 1333 quoquc
1091 1269 1351 1334 insequente
1373 1284 1471 1317 tur-

176 1337 261 1395 ba,
295 1339 611 1403 confugerunt.
641 1343 705 1389 Ita
732 1342 841 1389 urbe
870 1342 1045 1406 potitur
1081 1343 1255 1391 consul.
1291 1360 1378 1406 qua
1398 1343 1474 1390 dia

176 1424 329 1473 repta,
359 1411 496 1459 miflis
524 1413 570 1459 in
600 1430 777 1473 arcem,
809 1415 890 1479 qui
917 1414 1060 1462 vitam
1093 1417 1252 1481 regiis,
1288 1417 1320 1463 fi
1345 1418 1475 1464 abire>

177 1484 351 1530 vellent
370 1485 586 1543 inermes,
609 1486 858 1534 libertatem
879 1486 1173 1535 Elatienfibus
1196 1488 1468 1551 polliceren-

178 1569 278 1616 tur,
306 1553 483 1625 fideque
511 1561 560 1607 in
592 1562 688 1610 haec
710 1563 840 1623 data,
871 1563 973 1627 post
1004 1580 1176 1626 paucos
1197 1564 1288 1611 dies
1321 1579 1474 1611 arcem-

178 1644 361 1695 recepu.

242 1706 391 1752 XXV.
411 1706 627 1754 Ceterum
649 1707 850 1754 adventu
868 1708 915 1755 in
932 1707 1146 1769 Achaiam
1162 1708 1377 1757 Philoclis
1396 1718 1469 1756 re-'

177 1778 249 1842 gi's
274 1778 470 1842 praefecti
493 1797 588 1827 non
623 1781 879 1828 Corinthus
916 1795 1089 1829 tantum
1121 1782 1305 1829 liberata
1343 1782 1467 1828 obfi-

178 1852 347 1909 dione,
384 1852 457 1899 sed
492 1854 774 1918 Argivorum
803 1870 990 1918 quoque
1023 1854 1182 1901 civitas
1214 1870 1294 1915 per
1328 1852 1468 1916 quos-

177 1924 281 1970 dam
317 1925 544 1988 principes
577 1926 773 1974 Philocli
805 1926 985 1989 prodita
1015 1925 1103 1982 est,
1134 1925 1314 1971 tentatis
1344 1926 1467 1988 prius

178 1997 338 2044 animis
358 1998 514 2060 plebis.
547 2001 653 2047 Mos
671 2011 788 2059 erat,
807 2000 1103 2047 comitiorum
1122 1999 1192 2045 die
1212 1999 1360 2061 primo
1382 2016 1467 2047 ve-

177 2069 246 2115 lut
263 2070 430 2118 ominis
446 2073 569 2118 causa
588 2086 803 2134 praetores
818 2073 1110 2136 pronuntiare
1125 2075 1307 2130 Jovem,
1323 2073 1467 2136 Apol·-

180 2141 435 2207 linemque,
467 2147 517 2193 &
543 2146 800 2194 Herculem.
834 2147 1032 2193 additum
1066 2147 1151 2210 legi
1183 2160 1307 2206 erat,
1341 2164 1389 2194 ut
1411 2148 1466 2194 iis

180 2217 412 2281 Philippus
431 2235 512 2266 rex
529 2218 811 2280 adjiceretur.
844 2219 1157 2284 cujusxnomen
1176 2221 1276 2284 post
1293 2223 1464 2284 pactam

181 2306 287 2336 cum
324 2290 543 2338 Romanis
579 2291 836 2337 societatem
881 2292 984 2355 quia
1027 2309 1177 2354 praeco
1214 2310 1308 2339 non
1339 2292 1464 2351 adje-

182 2362 269 2421 cit,
291 2361 492 2409 fremitus
522 2363 670 2426 primo
691 2364 994 2411 multitudinis
1016 2377 1168 2412 ortus:
1196 2365 1354 2411 deinde
1373 2365 1464 2411 cla-

184 2452 288 2483 mor
313 2435 645 2500 subjicientium
676 2437 872 2504 Philippi
896 2454 1094 2500 nomen,
1123 2438 1468 2502 iubentiumque
