1592 2724
223 160 314 208 340
586 141 1148 188 T1T1L1V11

222 253 273 300 &
308 266 491 314 campus
512 261 714 297 terrenus
741 246 891 295 omnis
921 245 1140 310 operique
1164 245 1319 294 facilis.
1353 249 1505 309 Itaque

223 325 377 373 multis
413 323 537 370 fimul
573 323 687 370 locis
723 333 799 368 aut
833 320 1034 377 subruti,
1065 331 1138 366 aut
1174 320 1309 367 ariete
1339 318 1505 366 decuffi

224 398 414 445 ruebant
434 395 563 442 muri.
599 395 684 442 Sed
712 411 844 458 quam
878 394 983 440 urbs
1015 392 1104 456 ipsa
1135 404 1394 455 opportuna
1422 409 1507 454 op-

223 469 525 535 pugnantibus
545 479 636 514 erat
651 503 664 525 ‚
685 483 776 514 tam
803 466 1174 531 inexpugnabiles
1196 464 1391 511 hostium
1411 465 1506 511 ani-

222 546 299 594 mi.
347 544 418 590 die
454 560 504 590 ac
541 543 672 588 nocte
709 541 870 587 intenti
902 539 1083 587 reficere
1121 537 1313 603 quaffata
1354 537 1504 593 muri;

223 617 453 664 obstruere
470 651 482 673 ‚
519 632 619 678 quae
649 613 862 677 patefa6h1
888 614 1028 661 ruinis
1054 624 1208 668 erant3
1242 611 1402 675 proelia
1421 611 1507 657 im-

221 691 346 755 pigre
378 688 492 734 inire
510 724 523 746 ,
558 689 607 735 &
635 687 766 734 armis
786 687 924 751 magis
944 704 1096 733 muros
1114 724 1127 743 ‚
1156 703 1289 750 quam
1316 685 1357 731 se
1386 684 1506 748 ipsos

223 761 479 818 moenibus,
509 759 657 806 tutari.
693 759 944 823 diutiusque
971 758 1042 821 spe
1068 760 1381 805 Romanorum
1417 759 1506 805 ob-

222 834 439 881 fidionem
470 849 566 878 eam
596 831 884 878 extraxiss'ent
904 867 917 887 ‚
950 831 997 877 ni
1017 830 1187 878 exsules
1210 831 1393 895 quidam
1417 833 1505 876 Ita-

223 907 296 955 lici
334 904 536 970 generis,
572 904 777 951 Leucade
810 904 1089 962 habitantes,
1122 904 1175 950 ab
1212 920 1311 950 arce
1341 903 1507 950 milites

223 978 502 1042 accepissent.
537 993 615 1023 eos
646 990 820 1035 tamen,
856 993 912 1023 ex
947 976 1175 1038 superiore
1198 975 1305 1023 loco
1339 991 1506 1039 magno

226 1069 329 1101 cum
353 1050 550 1097 tumultu
582 1050 896 1108 decurrentes,
930 1049 1023 1096 acie
1051 1048 1097 1095 in
1135 1048 1240 1095 foro
1269 1047 1508 1106 instructa,

222 1125 340 1187 justo
365 1122 529 1187 proelio
555 1122 828 1187 aliquamdiu
848 1121 1059 1170 Leucadii
1086 1121 1397 1170 sustinuerunt.
1432 1122 1509 1166 In-

224 1198 354 1247 terim
388 1199 438 1246 &
471 1196 593 1244 scalis
629 1209 758 1260 capta
794 1195 948 1243 multis
980 1194 1094 1243 locis
1126 1193 1322 1250 moenia,
1349 1195 1398 1241 &
1428 1209 1509 1256 per

225 1271 411 1335 stragem
442 1269 641 1332 lapidum
670 1287 720 1316 ac
744 1268 894 1316 ruinas
928 1267 1225 1316 transcensum
1260 1267 1306 1312 in
1335 1267 1508 1316 urbem.

222 1347 401 1411 jamque
428 1344 518 1408 ipse
549 1343 716 1407 legatus
750 1360 914 1408 magno
947 1342 1124 1406 agmine
1152 1341 1509 1388 circumvenerat

225 1432 492 1486 pugnantes.
537 1435 639 1482 pars
671 1418 719 1465 in
749 1417 900 1465 medio
940 1424 1067 1473 cae113
1104 1432 1232 1479 pars,
1263 1413 1396 1461 armis
1428 1413 1508 1460 ab·

223 1493 374 1559 jectis,
395 1491 658 1539 dediderunt
685 1489 771 1537 sese
790 1489 967 1539 victori.
1004 1492 1059 1536 Et
1080 1489 1179 1552 post
1206 1487 1298 1535 dies
1316 1503 1509 1551 paucos,

226 1567 381 1614 audito
411 1564 580 1628 proelio
599 1599 614 1622 ‚
643 1562 767 1626 quod
789 1562 844 1608 ad
868 1561 1239 1626 Cynoscephalas
1265 1571 1511 1623 pugnatum

224 1651 350 1698 erat,
383 1653 541 1686 omnes
570 1635 733 1701 populi
761 1633 1027 1682 Acarnaniae
1058 1634 1105 1680 in
1140 1632 1416 1680 deditionem
1448 1631 1510 1678 le-

225 1711 316 1778 gati
348 1721 585 1760 venerunt.

307 1787 472 1833 XVIII.
507 1781 664 1830 lisdem
699 1780 878 1840 diebus,
912 1780 1066 1828 omnia
1100 1779 1228 1827 simul
1261 1779 1510 1827 inclinante

225 1859 433 1918 fortuna,
455 1855 625 1904 Rhodii
638 1869 827 1920 quoque
844 1854 900 1902 ad
921 1854 1238 1901 vindicandam
1256 1869 1279 1898 a
1297 1851 1510 1914 Philippo

225 1931 537 1979 continentem
565 1929 827 1993 regionem,
856 1927 1083 1993 (Peraeam
1103 1924 1310 1990 vocant)
1342 1926 1510 1990 poffes-

225 2005 315 2052 sam
334 2022 358 2051 a
386 2002 634 2064 majoribus
664 2001 779 2058 suis,
802 2000 1108 2048 Pausistratum
1137 2011 1377 2063 praetorem
1407 2015 1509 2046 cum

228 2076 495 2141 octingentis
533 2074 709 2122 Achaeis
747 2073 1150 2137 peditibussmille
1183 2074 1233 2121 &
1269 2071 1510 2135 nongentis

225 2150 318 2198 fere
354 2148 562 2205 armatis,
598 2163 654 2192 ex
687 2145 819 2192 vario
854 2162 1016 2209 genere
1051 2144 1331 2192 auxiliorum
1366 2143 1511 2192 colle-

226 2223 305 2270 c‘iis
321 2259 337 2281 ,
355 2221 599 2269 miserunt:
622 2218 773 2277 Galli,
803 2220 852 2266 &
873 2218 1067 2266 Nisuetae
1081 2255 1093 2277 ‚
1115 2220 1165 2265 &
1184 2217 1366 2265 Pisuetae
1386 2252 1399 2274 ‚
1417 2216 1511 2262 Ta-

226 2294 388 2351 miani,
422 2294 470 2341 &
502 2291 635 2349 Arei,
666 2307 722 2336 ex
749 2288 930 2346 Africa,
966 2293 1015 2338 &
1047 2288 1293 2336 Laodiceni
1323 2305 1378 2334 ex
1410 2287 1511 2334 Afia

227 2380 366 2415 erant.
398 2383 499 2413 cum
521 2364 589 2411 his
618 2363 762 2425 copiis
779 2362 1059 2410 Pausistratus
1077 2360 1291 2408 Tendeba
1318 2358 1363 2404 in
1394 2358 1511 2404 Stra-

225 2439 449 2489 ronicenfi
476 2455 584 2503 agro
615 2437 768 2484 locum
802 2447 1195 2499 peropportunum
1215 2469 1227 2491 ‚
1251 2430 1413 2497 ignaris
1442 2447 1511 2477 re-
