1592 2724
153 145 216 206 76
527 137 1105 188 T1T1L1V11

150 254 318 300 habeas.
345 248 489 313 Itaque
503 270 530 296 a
549 253 667 296 vobis
682 284 696 306 ‚
715 249 873 293 tribuni
886 243 1044 307 plebss,
1056 245 1215 310 postulo
1229 277 1243 298 ‚
1260 238 1433 305 inquit,

149 325 453 384 utsetztetztiam
471 323 574 366 mihi
594 323 685 365 ideo
703 338 789 364 non
811 320 989 375 dicenti,
1008 319 1139 377 quod,
1153 314 1228 379 etsi
1239 318 1285 359 itz
1300 331 1433 359 meanz

139 396 392 456 sententiam
414 394 674 454 defidatur,
701 390 856 454 nonsit
875 405 1010 435 ratum
1030 390 1243 433 habiturus
1266 386 1435 445 consid,

150 469 318 512 auxilio
323 465 440 530 ficis.
464 463 570 509 Inde
590 461 822 508 altercatio
846 473 968 517 orta,
988 476 1092 507 cum
1113 457 1271 506 consul
1298 471 1435 519 nega-

149 551 246 597 ret,
275 554 455 601 aequum
483 535 567 582 effe
594 535 801 581 tribunos
835 533 1136 590 intercedere,
1168 546 1262 594 quo
1288 528 1438 575 minus

151 610 235 657 suo
264 609 448 672 quisque
469 607 579 654 loco
608 607 784 653 senator
814 618 997 670 rogatus
1021 604 1283 650 sententiam
1311 599 1437 646 dice-

151 695 235 731 ret.
269 681 465 729 Tribuni
498 680 560 726 ita
588 680 917 735 decreverunt,
948 680 998 723 Si
1023 677 1169 737 consul
1181 675 1354 735 senatui
1389 674 1437 717 de

146 759 378 820 provinciis
394 756 626 816 permittit,
638 753 747 817 stari
775 771 848 808 eo,
875 752 987 811 quod
1004 751 1182 810 senatus
1210 747 1407 807 cenficerit
1421 781 1439 802 ,

144 836 284 891 placet
295 848 315 885 5
333 847 402 874 nec
426 831 479 887 ‚de
497 845 545 874 ea
564 845 601 873 re
613 825 721 885 ferri
743 827 802 869 ad
813 826 1018 884 populum
1033 825 1243 883 patiemur
1255 838 1270 865 .·
1278 819 1329 884 st
1353 838 1438 864 non

146 907 375 967 permittit,
395 906 466 965 qui
489 906 538 949 de
558 921 605 948 ea
626 921 663 948 re
683 901 938 961 sentenciam
967 898 1165 958 recusabit
1180 898 1304 941 dicere
1319 927 1333 951 ,
1357 911 1438 938 atc-

153 981 264 1024 xilio
297 981 460 1023 erimus.
496 973 671 1022 Consul
706 972 825 1019 diem
858 970 915 1017 ad
949 967 1302 1031 colloquendum
1336 982 1440 1012 cum

155 1049 331 1112 collega
373 1048 516 1111 petiit.
553 1045 737 1093 Postero
767 1043 837 1105 die
871 1039 1130 1104 permissum
1161 1037 1328 1084 senatui
1363 1035 1439 1082 est.

153 1122 414 1170 Provinciae
431 1121 491 1166 ita
510 1120 698 1165 decretae
720 1137 731 1164 ;
753 1114 884 1163 alteri
913 1112 1086 1161 consuli
1112 1110 1263 1167 Sicilia
1287 1110 1338 1157 &
1360 1108 1442 1155 tri-

156 1198 281 1261 ginta
314 1196 511 1242 rostratae
550 1209 714 1251 naves,
745 1207 854 1254 quas
886 1190 941 1237 C.
966 1186 1184 1234 Servilius
1213 1184 1440 1248 superiore

157 1288 280 1318 anno
307 1268 544 1322 habuiffet;
564 1263 933 1328 permissumque,
953 1272 1003 1307 ut
1030 1259 1077 1305 in
1099 1257 1294 1305 Africam
1308 1292 1323 1313 ,
1343 1256 1375 1303 fi
1395 1255 1441 1304 id

159 1361 184 1390 e
219 1342 452 1406 republica
485 1339 570 1386 effe
603 1336 825 1392 censeret,
851 1332 1088 1394 trajiceret.
1120 1331 1248 1378 alteri
1277 1328 1441 1377 Bruttii

156 1419 209 1466 &
230 1417 397 1465 bellum
421 1431 524 1462 cum
549 1407 799 1458 Hannibale
814 1444 829 1466 ‚
849 1424 952 1454 cum
969 1422 1026 1452 eo
1053 1403 1256 1452 exercitu
1271 1441 1289 1462 ,
1305 1419 1440 1467 quem

159 1492 211 1537 L.
250 1489 499 1545 Veturius,
535 1496 611 1532 aut
649 1484 711 1542 Q.
746 1473 971 1526 Caecilius.
1004 1478 1050 1524 hi
1086 1479 1137 1524 &
1173 1477 1441 1525 sortirentur

158 1564 276 1612 inter
311 1562 380 1618 se,
407 1566 808 1622 compararentve,
839 1564 939 1598 uter
972 1551 1020 1597 in
1056 1550 1243 1597 Bruttiis*
1270 1551 1441 1598 duabus

158 1635 439 1700 legionibus,
477 1646 585 1695 quas
611 1625 767 1676 consul
801 1622 1074 1688 reliquisset,
1105 1639 1201 1669 rem
1235 1634 1439 1687 gereret:

158 1707 488 1772 imperiumque
516 1704 563 1751 in
584 1717 756 1750 annum
778 1707 1125 1761 prorogaretur,
1145 1694 1217 1742 cui
1249 1713 1300 1742 ea
1327 1712 1441 1759 pro-

160 1781 316 1828 vincia
346 1779 575 1828 evenisset.
612 1779 662 1824 &
695 1774 875 1830 ceteris,
903 1783 1062 1835 praeter
1090 1770 1294 1818 consules
1325 1787 1441 1834 prae-

159 1853 390 1917 roresque,
425 1852 504 1915 qui
537 1848 806 1898 exercitibus
841 1843 1181 1908 provinciisque
1209 1843 1442 1907 praefuturi

161 1937 311 1984 erant,
334 1934 579 1987 prorogata
598 1918 796 1982 imperia.
821 1919 883 1977 Q.
908 1916 1098 1964 Caecilio
1118 1915 1234 1962 sorte
1252 1916 1407 1964 evenit
1424 1952 1442 1974 ,

162 2012 214 2047 ut
248 2017 351 2046 cum
382 1995 566 2045 consule
604 1993 650 2039 in
686 1991 870 2038 Bruttiis
903 1990 1108 2039 adversus
1144 1988 1442 2037 Hannibalern

160 2071 329 2119 bellum
363 2080 547 2133 gereret.
576 2064 691 2112 Ludi
721 2063 878 2110 deinde
907 2061 1132 2124 Scipionis
1158 2077 1317 2125 magna
1349 2059 1442 2107 fre-

161 2144 345 2206 quentia
379 2143 429 2188 &
466 2139 626 2186 favore
663 2135 950 2198 spe-&antium
988 2132 1213 2181 celebrati.
1257 2132 1442 2196 Legati,

160 2215 371 2278 Delphos
399 2214 456 2260 ad
483 2214 655 2259 donum
686 2225 743 2255 ex
765 2208 913 2271 praeda
936 2204 1221 2253 Hasdrubalis
1251 2215 1440 2268 portam-

162 2289 271 2335 dum
302 2285 446 2346 miffi,
472 2285 538 2332 M.
570 2281 852 2343 Pomponius
882 2279 1040 2326 Matho
1073 2279 1124 2325 δε
1157 2278 1220 2337 Q.
1251 2274 1405 2322 Catius
1426 2309 1442 2333 ,

160 2360 364 2408 tulerunt
387 2374 605 2405 coronam
636 2371 810 2404 auream
833 2352 1075 2400 ducentum
1098 2349 1255 2414 pondo
1269 2384 1283 2406 ‚
1304 2349 1355 2395 δε
1383 2347 1440 2392 fi-

157 2431 354 2481 mulaera
383 2429 658 2495 spoliorum,
685 2443 741 2473 ex
775 2424 897 2471 mille
929 2424 1088 2488 pondo
1119 2420 1291 2485 argenti
1311 2418 1436 2466 fasta.
