1592 2724
255 191 797 246 HISTORIARUM
832 189 966 235 LIB.
1003 186 1214 234 XXVIII,
1347 199 1372 248 ς

96 305 205 351 dato
225 304 418 368 benigne
437 304 611 360 Silano,
626 300 776 363 Scipio
794 298 913 361 spem
933 297 1204 353 debellandi,
1217 295 1248 342 fi
1265 295 1377 342 nihil

96 393 194 423 eam
224 376 313 439 ipse
345 375 597 423 cunelando
624 384 822 420 moratus
848 370 978 426 effer,
1008 370 1183 423 maestus,
1210 368 1265 414 ad
1296 368 1339 413 id
1360 403 1375 424 ‚

94 449 222 509 quod
251 448 476 510 reliquum
507 445 612 498 belli
644 457 764 501 erat,
798 443 845 488 in
878 440 1083 487 ultimam
1117 438 1377 501 Hispaniam

95 520 307 567 adversus
343 517 657 566 Hasdrubalem
689 515 847 579 pergit.
878 514 1072 568 Poenus,
1108 528 1209 557 cum
1241 509 1379 557 castra

96 604 193 638 tum
220 591 336 638 forte
360 591 414 638 ad
435 589 662 636 sociorum
683 588 858 635 animos
885 586 931 632 in
955 586 1116 632 Baetica
1137 583 1379 630 continen-

97 665 181 710 dos
212 664 258 710 in
286 662 371 709 fide
404 662 615 719 haberet,
643 661 776 724 fignis
808 671 989 722 repente
1020 657 1228 714 sublatis,
1259 654 1378 717 fugae

98 727 261 800 magis,
290 754 419 801 quam
454 735 626 782 itineris
654 734 824 792 modo,
853 731 1029 795 penitus
1053 730 1109 777 ad
1139 730 1378 776 Oceanum

96 811 146 856 &
168 810 315 856 Gades
334 809 470 855 ducit.
500 808 711 854 Ceterum
730 841 744 863 ‚
764 805 915 868 quoad
937 800 1224 850 continuisset
1248 816 1378 845 exer-

88 881 264 939 citum,
297 879 579 943 propositum
611 877 732 925 bello
766 877 810 923 se
839 876 939 923 fore
967 890 1084 922 ratus
1104 911 1117 931 ‚
1138 887 1379 935 antequam

97 953 215 1000 freto
244 954 393 1000 Gades
413 950 664 1012 trajiceret,
685 949 931 995 exercitum
949 963 1132 994 omnem
1161 943 1310 1006 paffim
1331 943 1380 989 in

97 1026 303 1075 civitates
324 1024 498 1083 divifit,
517 1036 568 1071 ut
587 1024 636 1070 &
653 1021 788 1068 muris
811 1021 853 1068 se
873 1020 953 1084 ipfi
967 1056 980 1079 ,
999 1021 1049 1067 &
1069 1017 1201 1065 armis
1221 1033 1379 1064 muros

93 1109 362 1146 tutarentur.

162 1173 236 1217 111.
270 1170 424 1232 Scipio
455 1168 533 1215 ubi
565 1166 910 1222 animadvertit,
946 1165 1195 1226 diffipatum
1226 1163 1378 1226 paffim

98 1244 289 1303 bellum,
309 1244 360 1291 &
385 1241 672 1290 circumferre
696 1242 750 1288 ad
772 1240 963 1302 singulas
988 1239 1118 1285 urbes
1141 1255 1259 1284 arma
1283 1237 1379 1283 cliu-

88 1315 179 1364 'tini
210 1316 374 1380 magiS,
409 1332 541 1379 quam
577 1315 754 1378 magni,
780 1313 864 1360 effe
894 1312 1072 1374 operis,
1094 1323 1218 1357 retro
1241 1310 1380 1359 vertit

94 1394 192 1440 iter.
214 1393 283 1438 Ne
299 1403 446 1439 tamen
466 1389 667 1437 hostibus
692 1406 786 1436 eam
815 1387 1086 1450 relinqueret
1117 1384 1378 1449 regionem,

96 1468 146 1527 L.
170 1466 428 1528 Scipionem
446 1463 622 1509 fratrem
642 1479 743 1509 cum
766 1462 919 1507 decem
940 1460 1137 1506 millibus
1150 1458 1348 1520 peditum
1364 1495 1378 1517 ‚

95 1542 147 1586 &
167 1539 296 1586 mille⁴
318 1537 520 1601 equitum
553 1536 607 1582 ad
629 1535 980 1601 oppugnandam
1002 1532 1380 1595 opulentissimam

95 1610 143 1656 in
178 1611 231 1657 iis
265 1610 379 1656 locis
412 1609 596 1665 urbem,
627 1606 835 1669 Oringin-
857 1605 1034 1653 barbari
1066 1603 1380 1667 appellabant,

94 1683 247 1730 mittit.
280 1682 371 1728 Sita
395 1682 442 1727 in
467 1681 700 1728 Meleffum
724 1678 887 1726 finibus
909 1678 970 1726 est
992 1677 1203 1740 Hispanae
1220 1676 1377 1739 gentis„

92 1774 199 1820 ager
233 1755 432 1819 frugifer.
468 1766 701 1818 argentum
732 1754 865 1801 etiam
900 1753 1064 1800 incolae
1097 1751 1291 1798 fodiunt.
1327 1768 1378 1797 ea

95 1847 175 1876 arx
205 1829 290 1875 fuit
321 1827 584 1891 Hasdrubali
612 1826 666 1874 ad
692 1826 977 1873 excursiones
1008 1824 1126 1871 circa
1155 1823 1200 1869 in
1235 1822 1380 1868 medi-

96 1914 326 1949 terraneos
353 1901 552 1963 populos
584 1898 820 1947 faciendas.
853 1897 1005 1960 Scipio
1023 1933 1036 1955 ‚
1063 1895 1212 1943 castris
1237 1911 1382 1957 prope

96 1974 253 2022 urbem
288 1972 470 2035 positis,
501 1971 757 2035 priusquam
795 1969 1159 2019 circumvallaret
1189 1967 1346 2014 urbem
1366 2006 1387 2027 ‚1

97 2049 213 2096 misit
242 2048 296 2094 ad
326 2060 500 2110 portas,
533 2047 611 2110 qui
642 2063 698 2092 ex
736 2047 998 2109 propinquo
1041 2041 1246 2105 alloquio
1282 2041 1384 2091 ani-

96 2137 197 2170 mos
220 2131 441 2165 tentarent
459 2154 472 2175 ‚
493 2118 815 2179 suaderentque
830 2152 844 2174 ‚
872 2129 922 2162 ut
945 2114 1185 2161 amicitiam
1206 2112 1384 2174 potius,

95 2207 230 2256 quam
263 2190 355 2236 vim
375 2222 388 2241 .‚
425 2190 739 2251 experirentur
775 2190 1104 2235 Romanorum.
1138 2185 1231 2233 Ubi
1266 2184 1383 2230 nihil

95 2265 242 2329 pacati
278 2263 660 2326 respondebatur,
693 2263 805 2310 fofl‘a
838 2262 1097 2326 duplicique
1133 2259 1260 2307 vallo
1293 2258 1383 2306 cir<-

97 2337 303 2384 cumdata
324 2335 435 2380 urbe
449 2370 463 2392 ‚
482 2335 528 2382 in
551 2346 640 2382 tres
660 2347 804 2398 partes
838 2334 1085 2381 exercitum
1107 2331 1271 2378 dividit
1298 2347 1310 2374 ε
1332 2341 1382 2374 ut

96 2427 186 2458 una
206 2410 375 2472 semper
401 2427 499 2472 pars
514 2445 529 2468 ‚
546 2409 710 2474 quietis
727 2409 906 2457 interim
928 2407 1122 2463 duabus,
1140 2419 1378 2465 oppugna*

84 2494 178 2531 ret.
208 2482 354 2530 Prima
382 2497 484 2547 pars
511 2498 614 2532 cum
640 2482 799 2531 adorta
829 2495 1091 2545 oppugnare
1127 2477 1214 2534 est,
1246 2486 1389 2525 atrox„

1025 2551 1061 2596 A
1101 2565 1124 2611 3
