1592 2724
183 165 269 225 ης
526 146 1094 217 T1T1L1v'11

174 289 233 336 ge
249 309 263 332 ,
280 272 522 320 obruerant.
543 274 701 321 itinera
725 287 972 337 portarum.
1002 277 1138 337 Quos
1157 292 1251 324 non
1275 276 1463 341 oppres-

178 345 292 391 serat
307 346 421 409 ignis
437 382 449 402 ‚
469 347 589 393 ferro
610 347 800 395 absuinti
823 367 832 396 :
854 349 1048 412 binaque
1071 349 1207 396 castra
1228 350 1349 397 clade
1372 367 1463 397 una

177 419 335 467 deleta.
371 421 527 467 Duces
552 433 700 467 tamen
719 423 883 477 ambo,
913 423 962 468 &
991 438 1046 466 ex
1077 433 1148 467 tot
1174 421 1368 468 millibus
1388 439 1462 468 ar-

176 505 402 542 matorum
439 495 528 540 duo
555 494 694 541 miliia
719 495 917 558 peditum
952 497 1001 543 ὃζ
1030 495 1265 559 quingenti
1290 496 1462 559 equites

178 566 426 613 semiermes
443 604 458 624 ,
485 584 644 630 magna
666 584 765 629 pars
793 567 952 624 saucii,
976 568 1195 630 afflatique
1221 568 1465 625 incendio,

176 639 438 702 effugerunt.
481 638 604 684 Caesa
643 651 718 684 aut
756 638 908 685 hausta
943 638 1133 685 flammis
1170 637 1465 702 quadraginta

177 711 319 759 millia
347 711 584 756 hominum
614 709 740 769 sunt,
770 723 896 774 capta
920 711 1048 775 supra
1068 712 1269 774 quinque
1298 711 1461 756 millia:

177 783 308 831 multi
341 782 773 845 Carthaginienssum
807 783 1014 842 nobile-s,
1040 784 1251 831 undecim
1282 782 1462 829 senato-

177 874 273 915 res,
302 855 421 920 figna
459 856 666 903 militaria
705 868 886 905 centum
924 857 1198 922 septuaginta
1235 868 1463 921 quatuor,

175 927 286 992 equi
321 927 551 975 Numidici
585 928 715 991 supra
744 929 839 976 duo
875 929 1015 976 millia
1043 930 1335 993 septingenti,
1369 929 1462 975 ele-

178 1000 335 1064 phanti
365 1000 439 1047 sex
472 999 616 1063 capti3
650 1001 755 1048 octo
786 999 964 1047 flamma
997 1000 1209 1064 ferroque
1239 1000 1425 1046 absumti
1445 1035 1462 1058 ‚

178 1090 425 1138 magnaque
446 1073 517 1121 vis
539 1091 766 1121 armorum
788 1086 928 1137 capta.
961 1075 1023 1121 Ea
1043 1072 1198 1121 omnia
1216 1073 1462 1136 imperator

179 1148 387 1195 Vulcano
419 1146 579 1195 sacrata
601 1147 815 1195 incendit.

245 1223 342 1267 VH.
382 1219 626 1266 Hasdrubal
653 1237 708 1266 ex
737 1220 868 1284 fuga,
901 1236 1002 1267 cum
1029 1219 1212 1284 paucis,
1246 1219 1462 1268 Afrorum

179 1292 335 1341 urbem
365 1292 621 1354 proximam
654 1292 866 1354 petierat:
892 1309 1038 1355 eoque
1069 1308 1250 1346 omnes,
1279 1292 1355 1355 qui
1385 1292 1461 1339 su-

179 1378 414 1432 pererant,
441 1365 624 1429 vestigia
651 1365 776 1413 ducis
802 1366 1057 1430 sequentes,
1088 1365 1129 1413 se
1157 1366 1460 1413 contulerant.

179 1454 304 1486 metu
330 1437 490 1485 deinde
505 1473 519 1496 ,
542 1455 598 1485 ne
627 1438 860 1485 dederetur
879 1436 1109 1500 Scipioni,
1130 1437 1238 1484 urbe
1264 1436 1462 1484 exceffit.

177 1512 294 1558 Mox
321 1509 480 1558 eodem
499 1509 751 1572 patentibus
778 1509 921 1573 portis
942 1508 1137 1555 Romani
1155 1509 1327 1571 accepti
1346 1523 1357 1553 :
1376 1525 1462 1556 nec

177 1583 423 1647 quidquam
457 1581 643 1642 hostile,
667 1582 770 1644 quia
803 1581 1042 1628 voluntate
1075 1581 1381 1629 concefferant
1412 1580 1460 1627 in

177 1654 432 1712 ditionem,
452 1652 629 1701 factum.
663 1654 784 1700 Duae
804 1653 989 1700 subinde
1016 1653 1148 1700 urbes
1178 1664 1319 1715 captae
1344 1652 1462 1699 dire-

177 1740 376 1792 ptaeque.
409 1743 459 1774 ea
476 1727 647 1790 praeda,
663 1727 714 1774 &
731 1743 834 1790 quae
851 1725 998 1773 castris
1015 1742 1069 1772 ex
1087 1725 1275 1773 incentis
1291 1727 1340 1772 &
1357 1725 1462 1788 igne

179 1812 305 1864 rapta
325 1811 418 1848 erat
431 1836 445 1859 ,
464 1799 596 1847 militi
615 1799 819 1849 concessa
842 1798 916 1847 est.
936 1800 1124 1863 Syphax
1141 1799 1248 1845 0810
1267 1798 1461 1847 millium

179 1873 322 1920 ferme
352 1873 454 1920 inde
474 1871 615 1936 spatio
644 1873 752 1937 loco
786 1872 1069 1920 communito
1099 1870 1314 1919 consedit.
1345 1871 1459 1917 Has·-

179 1944 336 1993 drubal
355 1938 681 2008 Carthaginem
696 1944 957 2001 contendit,
978 1960 1033 1990 ne
1057 1943 1164 2007 quid
1183 1960 1262 2006 per
1288 1956 1459 1992 metum

178 2035 237 2070 ex
265 2018 434 2065 recenti
468 2019 592 2065 clade
623 2019 806 2065 mollius
839 2016 1160 2064 consuleretur.
1187 2033 1283 2079 quo
1307 2028 1459 2066 tantus

178 2092 328 2157 primo
349 2101 494 2136 terror
509 2089 570 2136 est
590 2091 749 2137 allatus
765 2126 777 2148 ‚
798 2101 873 2149 ut,
895 2089 1051 2136 omiss'a
1078 2090 1211 2136 Utica
1226 2125 1239 2147 ,
1265 2090 1457 2137 Cartha-

178 2165 329 2229 ginem
358 2164 591 2210 crederent
618 2164 848 2225 extemplo
879 2163 1138 2225 Scipionem
1165 2162 1458 2212 obsessurum.

176 2238 387 2284 Senatum
408 2236 556 2299 itaque
583 2236 770 2282 Suffetes
791 2235 951 2300 (quod
970 2236 1096 2284 velut
1117 2235 1348 2282 consulare
1366 2237 1454 2282 im-

177 2309 352 2375 perium
373 2309 490 2370 apud
505 2324 585 2355 eos
601 2307 720 2372 erat)
736 2320 1038 2363 vocaverunt.
1058 2309 1122 2355 lbi
1142 2325 1166 2355 e
1185 2309 1324 2355 tribus
1344 2308 1473 2372 (una²

180 2382 236 2428 de
270 2398 379 2445 pace
410 2382 578 2446 legatos
611 2382 665 2428 ad
700 2381 960 2442 Scipionem
997 2381 1291 2428 decernebat:
1318 2382 1455 2430 altera

180 2454 484 2505 Hannibalem
502 2453 556 2503 ad
571 2453 787 2502 tuendam
805 2453 862 2501 ab
882 2452 1102 2503 exitiabili
1121 2452 1244 2502 bello
1267 2453 1456 2518 patriam
