1592 2724
1169 140 1177 148 x

291 165 497 211 HIST*
535 165 825 212 RIARUM
874 167 1000 212 LIB.
1041 162 1250 213 XXVHI.
1357 184 1406 214 11

135 285 258 318 nunc
288 270 394 318 illuc
422 271 553 319 verso
580 270 718 329 mari,
746 270 872 316 velut
899 282 1054 317 monte
1080 271 1301 334 praecipiti
1332 273 1411 319 cle-

136 343 321 390 volutus
341 356 515 391 torrens
535 336 716 406 rapitur.
735 343 795 389 ita
816 360 899 389 nec
920 345 1074 401 nocie,
1097 361 1178 391 nec
1200 345 1269 391 die
1288 346 1413 408 quies

134 415 327 461 navibus
350 416 492 462 datur.
510 416 626 461 Cum
654 415 824 462 class'em
845 427 934 461 tam
955 414 1110 461 infesta
1135 414 1264 461 statio
1283 434 1413 463 acce-

134 485 202 548 pit
216 522 230 544 ,
248 500 342 533 tum
366 489 415 534 &
439 486 655 548 oppidum
670 521 683 541 ‚
702 486 787 533 alia
809 499 933 550 parte
957 485 1150 534 clausum
1171 488 1310 546 mari,
1331 489 1415 537 alia

133 558 188 603 ab
210 569 325 605 terra
353 558 527 622 egregie
554 558 774 605 munitum
792 594 806 617 ,
834 559 1132 623 praesidioque
1157 560 1312 606 valido
1337 559 1414 606 fir·-

133 644 328 689 matum,
351 633 401 679 &
433 631 656 693 praecipue
687 629 772 677 fide
799 631 1112 694 praefectorum
1138 631 1413 695 principum-

135 718 250 766 que,
273 718 372 764 quae
393 702 512 748 fluxa
533 705 582 749 &
601 720 717 749 vana
741 704 858 766 apud
882 705 1054 750 Oreum
1071 703 1239 762 fuerat,
1261 704 1413 750 stabile

134 786 268 837 atque
288 774 631 837 inexpugnabile
655 775 749 822 fuit.
771 776 815 821 ld
831 776 1095 837 prudenter,
1113 787 1162 822 ut
1180 775 1226 821 in
1247 788 1414 822 temere

135 845 333 908 suscepta
372 863 447 905 re,
481 848 714 894 Romanus
743 847 875 906 fecit,
906 844 1055 910 quod,
1088 848 1416 911 circumspectis

136 917 495 973 difficultatibus,
514 937 569 967 ne
600 919 758 966 frustra
789 932 962 982 tempus
986 932 1177 977 tereret,
1211 922 1415 969 celeriter

135 990 300 1036 abstitit
329 991 512 1054 incepto
528 1027 541 1049 ,
563 991 821 1054 claffemque
841 992 943 1038 inde
971 994 1025 1039 ad
1050 994 1235 1057 Cynum
1254 994 1416 1041 Locri-

136 1063 202 1108 dis
225 1063 508 1127 (emporium
534 1064 579 1110 id
604 1065 664 1111 est
684 1065 804 1113 urbis
826 1066 1161 1131 Opuntiorum,
1180 1066 1300 1112 mille
1315 1066 1413 1129 pas-

136 1134 262 1187 suum
283 1153 308 1182 a
335 1137 446 1182 mari
465 1137 584 1197 fitae)
607 1138 791 1199 trajecit.

201 1210 296 1255 VII.
330 1208 586 1272 Philippum
622 1212 672 1257 &
698 1211 820 1273 ignes
848 1212 902 1258 ab
933 1213 1061 1258 Oreo
1089 1211 1197 1259 editi
1224 1229 1416 1259 monue-

136 1294 236 1328 rant
254 1317 267 1340 ‚
294 1282 366 1328 sed
392 1282 527 1329 serius
557 1283 746 1331 Platoris
778 1284 933 1331 fraude
964 1302 987 1331 e
1010 1284 1185 1348 specula
1213 1285 1345 1332 elati:
1366 1287 1418 1333 &

136 1355 295 1417 impari
313 1357 546 1404 maritimis
567 1358 740 1405 viribus
758 1359 874 1408 haud
894 1359 1035 1406 facilis
1053 1372 1143 1406 erat
1161 1360 1206 1406 in
1227 1360 1417 1406 insulam

136 1429 251 1475 claffi
278 1430 481 1477 acceffus.
514 1431 575 1477 ita
600 1449 670 1479 res
696 1449 773 1494 per
792 1433 1123 1479 cunctationem
1142 1432 1310 1480 omiffa.
1344 1433 1417 1478 Ad

136 1501 362 1549 Chalcidis
380 1503 625 1561 auxilium,
646 1505 721 1550 ubi
743 1505 912 1568 signum
930 1506 1124 1567 accepit,
1145 1504 1333 1567 impigre
1353 1505 1417 1550 est

135 1587 297 1619 motus.
335 1590 435 1620 nam
475 1575 524 1622 &
561 1575 650 1637 ipsa
686 1575 897 1634 Chalcis,
930 1592 1186 1639 quanquam
1221 1574 1418 1635 ejusden-1

134 1643 287 1691 insulae
306 1647 411 1694 urbs
431 1646 493 1693 est
507 1682 520 1704 ,
539 1659 687 1693 tamen
705 1647 817 1693 adeo
837 1648 957 1694 arcto
975 1646 1305 1694 interscinditur
1326 1646 1415 1693 fre-

136 1730 214 1776 to,
232 1731 282 1766 ut
311 1732 450 1782 ponte
477 1716 729 1767 continenti
755 1720 990 1783 jungatur,
1017 1732 1220 1782 terraque
1247 1719 1415 1766 aditum

135 1788 414 1851 faciliorem,
447 1810 578 1856 quam
615 1792 756 1851 mari,
780 1793 949 1841 habeat.
984 1794 1120 1857 Igitur
1151 1791 1416 1854 Philippus,

137 1864 307 1926 dejecto
330 1869 561 1929 praefidio,
582 1867 770 1931 fusisque
790 1868 951 1915 AEtolis
964 1905 978 1927 ,
995 1868 1074 1932 qui
1093 1867 1249 1915 saltum
1268 1867 1415 1914 Ther-

138 1939 428 2002 mopylarum
465 1942 737 1999 insidebant,
767 1959 867 1990 cum
897 1943 951 1989 ab
983 1941 1271 1989 Demetriade
1302 1941 1415 1988 Sco-

138 2010 321 2069 tuffam,
349 2013 452 2060 inde
491 2016 545 2063 de
576 2016 704 2062 tertia
742 2016 897 2079 vigilia
933 2017 1185 2080 proserius,
1213 2015 1415 2077 trepidos

138 2079 286 2127 hostes
306 2083 561 2132 Heracleam
581 2086 860 2149 compulisset
873 2124 889 2145 ,
903 2087 991 2150 ipse
1010 2104 1102 2134 uno
1121 2087 1190 2133 die
1205 2086 1414 2133 Phocidis

138 2152 323 2200 Elatiam
346 2156 484 2202 millia
513 2159 700 2220 amplius
719 2159 940 2222 sexaginta
961 2160 1211 2207 contendit.
1240 2160 1412 2205 Eodem

137 2223 277 2271 ferme
311 2226 380 2271 die
411 2227 466 2272 ab
495 2230 649 2275 Attalo
674 2247 774 2294 rege
807 2233 1118 2294 Opuntiorum
1148 2233 1254 2279 urbs
1284 2246 1412 2292 capta

137 2297 442 2359 diripiebatur.
478 2302 750 2350 concefferat
777 2319 873 2349 eam
909 2305 1102 2366 praedam
1134 2306 1228 2367 regi
1264 2302 1413 2364 Sulpi-

140 2370 257 2429 cius,
278 2372 376 2434 quia
398 2374 570 2421 Oreum
595 2392 763 2438 paucos
785 2388 886 2423 ante
905 2378 996 2423 dies
1017 2377 1071 2423 ab
1096 2378 1304 2422 Romano
1325 2374 1412 2419 mi-

96 2466 99 2467 ’
137 2444 237 2506 lite,
266 2447 524 2513 expertibus
550 2448 710 2514 regiis,
736 2449 963 2513 direptum
991 2449 1146 2498 fuerat.
1179 2449 1300 2505 Cum
1317 2448 1412 2495 Ru·
