1592 2724
322 189 873 242 HISTORIARUM
905 189 1034 237 LIB.
1070 187 1227 239 XXX.
1332 200 1417 250 153

142 299 360 365 ginienses
373 339 386 359 ‚
402 302 502 367 qui,
517 303 548 349 fi
566 299 873 357 maturassent,
885 297 1038 344 omnia
1056 295 1276 358 permixta
1292 294 1425 341 turba

141 374 456 436 trepidantium
490 376 637 435 primo
669 374 839 436 impetu
870 368 1206 432 oppreffiffent,
1233 367 1424 431 perculfi

141 442 421 494 terrestribus
440 447 636 494 cladibus
650 482 663 504 ,
681 457 812 507 atque
831 444 933 489 inde
953 459 1007 489 ne
1026 441 1072 488 in
1087 441 1198 488 mari
1216 440 1394 502 quidem
1408 472 1427 494 ,

141 518 219 562 ubi
248 517 327 580 ipsi
361 519 459 581 plus
486 528 719 580 poterant,
739 516 836 563 satis
856 514 1067 570 fidentes,
1092 512 1163 558 die
1193 510 1312 574 segni
1348 526 1428 555 na-

144 588 376 651 vigatione
405 590 636 645 absumt0‚
666 588 742 633 sub
781 585 989 634 occasum
1025 585 1128 631 solis
1162 582 1206 627 in
1241 595 1428 644 portum

145 663 433 722 (Ruscinona
465 662 561 710 Afri
594 660 793 724 vocant)
828 660 954 707 classe
981 658 1207 721 appulere.
1243 654 1428 718 postero

145 738 217 783 die
242 737 320 784 sub
340 752 487 783 ortum
513 736 618 782 solis
639 734 884 781 instruxere
917 733 971 779 ab
1001 733 1093 778 alto
1119 745 1281 783 naves,
1300 727 1431 775 velut

146 809 200 855 ad
237 807 399 869 justum
435 808 650 871 proelium
689 806 880 860 navale,
913 806 962 851 δε
999 815 1207 864 tanquam
1243 799 1432 847 exituris

145 896 304 930 contra
322 883 553 930 Romanis.
583 884 703 928 Cum
721 880 796 926 diu
813 878 1046 932 stetiffent‚
1067 877 1299 939 postquam
1318 872 1432 922 nihil

145 958 328 1005 moveri
344 957 398 1004 ab
418 956 618 1002 hostibus
639 954 875 1007 viderunt,
890 964 985 997 tum
1006 950 1182 995 demum
1203 947 1432 994 onerarias

147 1029 478 1091 aggrediuntur.
506 1030 610 1073 Erat
632 1042 700 1072 res
719 1024 902 1071 minime
932 1020 1163 1069 certamini
1193 1019 1343 1065 navali
1373 1018 1432 1064 fi-

149 1100 296 1157 milis,
319 1100 528 1163 proxime
557 1097 745 1161 speciem
778 1111 931 1142 muros
959 1092 1318 1157 oppugnantium
1353 1108 1433 1138 na.-

149 1174 287 1221 vium.
317 1174 548 1221 altitudine
580 1172 858 1235 aliquantum
887 1166 1106 1215 onerariae
1132 1164 1431 1226 superabant:

149 1263 205 1292 ex
246 1246 444 1292 rostratis
475 1244 605 1291 Poeni
641 1260 756 1290 vana
795 1242 1008 1305 pleraque
1046 1238 1237 1301 (utpote
1270 1236 1433 1296 supino

147 1317 291 1379 jacin)
312 1318 396 1364 tela
419 1318 464 1364 in
487 1316 758 1379 superiorem
782 1315 936 1362 locum
962 1310 1223 1358 mittebant:
1245 1308 1433 1372 gravior

150 1407 200 1438 ac
225 1390 424 1453 pondere
446 1388 541 1450 ipso
561 1387 766 1434 libratior
788 1386 973 1448 superne
994 1399 1050 1429 ex
1083 1380 1296 1428 onerariis
1324 1380 1434 1426 iflius

151 1476 268 1509 erat..
288 1462 606 1525 Speculatoriae
628 1476 764 1506 naves
782 1475 832 1505 ac
851 1456 968 1504 levia
994 1454 1085 1517 ipsa
1105 1452 1284 1516 navigia
1299 1488 1311 1508 ‚
1333 1468 1435 1514 quae

151 1535 230 1583 sub
258 1535 489 1584 constratis
507 1533 716 1598 pontium
750 1548 829 1594 per
849 1526 1086 1576 intervalla
1113 1526 1435 1580 excurrebant,

151 1609 303 1672 primo
323 1607 417 1671 ipso
439 1620 611 1653 tantum
642 1606 811 1668 impetu
831 1620 881 1649 ac
898 1598 1203 1664 magnitudine
1222 1596 1436 1644 rostrata-

151 1698 251 1728 rum
278 1681 584 1728 obruebantur
604 1696 613 1724 :
641 1676 798 1724 deinde
817 1678 865 1723 &
887 1671 1297 1738 propugnatoribus
1316 1685 1436 1732 quo-

150 1771 238 1818 que
255 1754 557 1801 incommodae
571 1764 711 1807 erant,
731 1750 855 1813 quod
870 1748 1102 1812 permixtae
1116 1762 1217 1792 cum
1240 1742 1433 1789 hostium

154 1828 346 1875 navibus
371 1828 571 1874 inhibere
601 1826 711 1888 saepe
728 1824 813 1871 tela
843 1823 1089 1884 cogebant3
1110 1832 1230 1866 metu
1252 1835 1307 1864 ne
1338 1835 1437 1863 am·

154 1900 291 1963 biguo
321 1901 407 1947 ἰξὶιι
435 1900 518 1946 suis
549 1899 824 1945 inciderent:
853 1895 1082 1957 postremo
1103 1892 1257 1939 afferes
1286 1890 1436 1936 ferreo

154 1989 277 2019 unco
303 1971 473 2034 praefixi
509 1972 818 2037 (harpagones
843 1965 1048 2029 vocant)
1077 1983 1131 2012 ex
1150 1965 1330 2011 Punicis
1357 1980 1436 2009 na-

154 2047 290 2093 vibus
318 2047 440 2107 injici
472 2047 515 2091 in
551 2048 778 2091 Romanas
810 2042 964 2104 coepti.
991 2043 1124 2101 Quos
1154 2055 1257 2086 cum
1289 2054 1436 2099 neque

155 2119 299 2182 ipsos,
322 2135 464 2180 neque
487 2129 684 2174 catenas,
706 2115 869 2179 quibus
889 2111 1078 2175 suspensi
1100 2110 1438 2170 injiciebantur,

155 2190 353 2238 incidere
379 2188 580 2250 poss'ent3
610 2200 658 2232 ut
679 2202 868 2249 quaeque
895 2196 1016 2230 retro
1041 2181 1227 2229 inhibita
1253 2179 1438 2225 rostrata.

155 2262 408 2308 onerariam
431 2261 670 2306 haerentem
705 2275 825 2304 unco
853 2258 1043 2305 traheret
1060 2290 1072 2310 ,
1094 2254 1233 2301 scindi
1261 2252 1438 2299 videres

155 2335 340 2382 vincula
358 2371 370 2391 ‚
389 2334 548 2395 quibus
577 2333 660 2379 alia
685 2332 780 2379 aliis
807 2331 969 2376 innexa
991 2342 1110 2382 erat,
1132 2327 1283 2372 seriem
1305 2323 1438 2369 aliam

155 2408 283 2456 slmul
304 2408 493 2470 plurium
521 2405 702 2452 navium
726 2404 852 2451 trahi.
875 2405 976 2450 Hoc
995 2401 1190 2449 maxime
1209 2397 1350 2443 modo
1372 2396 1439 2442 la-

159 2480 296 2532 cerati
323 2479 505 2545 quidem
531 2493 688 2525 omnes
712 2488 901 2541 pontes,
920 2476 971 2523 &
988 2474 1072 2523 vix
1092 2467 1365 2518 transiliendi
1389 2467 1437 2515 in
