1592 2724
228 167 321 211 410
593 151 1155 198 T1T1L1V11

228 259 313 306 niis
347 257 680 322 receptaculum
716 259 832 316 effe,
868 275 951 305 nec
983 257 1146 320 procul
1177 275 1200 304 a
1233 256 1346 305 mari
1382 257 1520 306 castra

228 335 435 380 Romana
457 332 628 390 abeffe,
658 332 872 379 omnibus
889 331 934 377 id
963 330 1109 394 copiis
1140 331 1319 395 aggredi
1351 332 1518 378 consti-

228 404 329 451 tuit.
362 407 468 451 Erat
498 422 554 452 eo
580 420 785 466 tempore
814 403 963 450 vaiida
989 403 1119 457 urbs,
1151 404 1202 450 &
1229 402 1518 449 multitudine

229 480 403 526 civium
424 478 771 541 incolarumque
798 479 848 525 &
880 476 1006 522 omni
1028 477 1194 524 bellico
1219 488 1430 539 apparatu
1447 476 1518 522 in-

228 555 402 601 ssrufta.
438 558 488 600 In
524 566 729 616 tempore
763 552 981 612 Quinctio
1002 590 1018 609 ‚
1057 569 1151 598 rem
1184 551 1305 599 haud
1340 550 1519 597 facilem

228 628 534 693 aggredienti,
563 644 642 673 rex
665 629 887 673 Eumenes
906 629 954 674 &
979 628 1120 675 daffis
1139 626 1428 672 Rhodiorum
1450 624 1520 670 su-

228 711 549 765 pervenerunt.
602 700 758 763 ingens
798 699 1043 745 multitudo
1088 699 1322 746 navalium
1367 697 1521 745 socio-

229 792 329 821 rum
344 811 359 831 ‚
379 791 402 819 e
430 774 570 819 tribus
589 773 818 819 contracta
841 772 1071 830 clastibus,
1098 771 1215 818 intra
1233 787 1403 835 paucos
1427 770 1520 816 dies

228 848 382 895 onmia
399 882 413 906 ‚
444 863 544 909 quae
577 846 632 891 ad
660 844 1050 908 oppugnationem
1084 844 1208 891 urbis
1235 858 1353 890 terra
1382 844 1521 889 mari·-

229 937 317 983 que
343 920 528 965 munitae
556 916 758 963 facienda
780 932 919 978 opera
945 928 1099 972 erant,
1130 914 1291 962 effecit.
1335 916 1427 962 Jam
1450 928 1520 961 te-

229 991 478 1039 studinibus
510 991 703 1037 admotis
730 1007 884 1037 murus
912 989 1230 1036 subruebatur:
1263 986 1350 1048 jam
1371 987 1521 1033 arieti-

230 1065 311 1112 bus
334 1064 629 1129 quatiebatur.
668 1065 820 1126 Itaque
850 1079 941 1108 una
977 1061 1143 1109 crebris
1176 1061 1335 1108 ictibus
1371 1060 1523 1107 eversa

229 1140 292 1186 est
312 1139 472 1197 turris,
503 1137 719 1202 quodque
741 1137 861 1184 circa
889 1135 1007 1182 muri
1028 1147 1147 1193 erat,
1179 1134 1280 1182 casu
1301 1134 1394 1196 ejus
1415 1150 1522 1197 pro·

229 1212 447 1258 stratum:
483 1212 532 1258 &
569 1209 767 1256 Romani
800 1208 927 1255 simul
961 1225 986 1254 a
1016 1219 1182 1270 portu,
1224 1207 1343 1253 unde
1379 1207 1522 1253 aditus

230 1285 412 1349 planior
432 1296 526 1331 erat
542 1320 555 1342 ,
581 1295 632 1330 ut
659 1282 960 1330 distenderent
978 1282 1031 1328 ab
1051 1276 1277 1344 apertiOre
1305 1281 1413 1327 loco
1435 1279 1524 1325 ho-

230 1358 315 1406 stes
331 1396 345 1417 ‚
367 1359 495 1405 fimul
518 1375 598 1421 per
620 1356 888 1420 patefaEtum
919 1355 1046 1402 ruina
1073 1355 1156 1400 iter
1174 1355 1421 1417 irrumpere
1440 1370 1526 1401 co-
1568 1350 1571 1353 ¹

232 1435 469 1480 nabantur.
521 1450 605 1480 nec
640 1432 834 1478 multum
868 1430 1039 1487 abfuit,
1076 1431 1219 1493 quin,
1252 1446 1340 1492 qua
1371 1428 1525 1474 inten-

231 1509 413 1565 derant,
447 1517 748 1569 penetrarent.
784 1504 857 1551 sed
886 1503 1080 1550 tardavit
1113 1503 1331 1565 impetum
1359 1519 1522 1549 eorum

233 1581 327 1644 spes
350 1580 524 1641 objecta
542 1579 754 1626 dedendae
773 1578 923 1638 urbis,
941 1595 1052 1624 mox
1075 1578 1234 1624 deinde
1255 1576 1407 1623 eadem
1429 1588 1522 1622 tur-

232 1656 347 1702 bata,
375 1653 689 1717 Dexagoridas
709 1655 758 1701 &
781 1654 1024 1715 Gorgopas
1048 1649 1143 1713 pari
1168 1649 1362 1712 imperio
1386 1665 1524 1711 praee-

233 1741 332 1775 rant
364 1728 480 1775 urbi.
507 1726 822 1791 Dexagoridas
851 1725 1029 1772 miserat
1060 1725 1114 1771 ad
1134 1724 1330 1787 legatum
1353 1725 1524 1769 Roma-

235 1820 371 1861 num,
406 1802 674 1849 traditurum
711 1800 752 1847 se
782 1799 955 1847 urbem.
997 1800 1046 1846 &
1081 1815 1183 1844 cum
1216 1796 1271 1843 ad
1299 1812 1396 1842 eam
1429 1811 1523 1840 rem

234 1890 409 1939 tempus
437 1877 487 1923 &
518 1875 632 1922 ratio
665 1872 978 1930 convenisset,
1011 1889 1034 1918 a
1058 1872 1282 1933 Gorgopa
1313 1867 1523 1931 proditor

236 1949 514 1996 interficitur.
556 1947 858 2010 intentiusque
891 1946 945 1992 ab
978 1961 1074 1991 uno
1109 1943 1217 1990 urbs
1249 1941 1524 1988 defendebam-

238 2035 338 2069 tur:
386 2024 436 2069 &
472 2021 702 2068 difficilior
739 2020 848 2067 facta
886 2017 1173 2082 oppugnatio
1211 2031 1305 2062 erat
1327 2019 1343 2073 ‚'
1386 2015 1433 2061 ni
1467 2015 1528 2061 T,

238 2094 481 2156 Quinctius
509 2111 608 2140 cum
635 2105 834 2156 quatuor
863 2091 1061 2137 millibus
1092 2089 1370 2136 delectorum
1405 2086 1526 2132 mili-

240 2182 331 2212 {um
361 2165 691 2229 supervenisset.
734 2167 773 2212 Is
808 2182 910 2212 cum
944 2161 1184 2226 supercilio
1214 2161 1335 2207 haud
1362 2158 1525 2222 procul

238 2238 436 2286 distantis
471 2239 633 2286 tumuli
671 2239 725 2285 ab
761 2238 869 2284 urbe
908 2236 1162 2283 instructam
1198 2234 1339 2280 aciem
1374 2231 1527 2277 osten-

239 2312 393 2369 disset,
416 2313 465 2359 δε
485 2328 541 2357 ex
571 2310 706 2358 altera
735 2323 859 2373 parte
890 2311 937 2355 L.
961 2307 1202 2368 Quinctius
1229 2306 1284 2352 ab
1312 2302 1525 2366 operibus

239 2385 324 2432 suis
363 2398 480 2432 terra
511 2385 714 2449 marique
751 2385 961 2440 instaret3
996 2395 1093 2429 tum
1129 2397 1242 2429 vero
1276 2377 1525 2440 desperatio

241 2460 507 2522 Gorgopan]
538 2475 723 2523 quoque
753 2458 904 2521 coegit
935 2457 982 2504 id
1014 2456 1187 2505 consilii
1207 2491 1221 2511 2
1251 2452 1376 2519 quod
1397 2452 1445 2499 in
1463 2450 1528 2501 al:
