1592 2724
305 201 856 249 HISTORIARUM
895 204 1023 252 LIB.
1059 206 1231 254 XXXI.
1318 218 1415 273 225·

123 307 410 370 oppugnatio
431 308 507 354 diu
528 306 783 370 Philippum
802 307 947 353 tenuit
967 325 977 354 :
997 308 1198 374 eripique
1218 329 1273 357 ex
1289 313 1416 359 obfi-

125 381 289 437 dione,
314 381 358 426 ni
383 382 590 428 ceffatum
610 381 665 427 ab
693 382 848 427 Attalo
869 383 917 429 &
938 383 1128 429 Rhodiis
1152 384 1271 432 foret
1289 423 1300 443 ‚
1323 405 1415 450 po-

126 463 324 500 tuerunt.
350 454 523 501 Attalus
543 465 771 501 trecentos
801 467 975 501 tantum
1008 455 1169 503 milites*
1192 460 1233 502 in
1268 463 1418 520 ginesi-

127 527 278 587 dium,
298 528 466 575 Rhodii
486 528 811 593 quadriremem
833 547 966 576 unam
987 546 1042 576 ex
1064 531 1213 589 classe,
1236 550 1337 580 cum
1360 538 1417 583 acl

128 601 364 648 Tenedum
387 601 541 659 staret,
562 601 790 648 miserunt,
823 602 981 648 eodem
1006 603 1182 664 postea,
1208 623 1308 653 cum
1327 607 1420 670 jam

129 670 211 716 vix
230 670 492 718 sustinerent
508 671 814 727 obsidionem,
835 671 884 718 &
904 672 994 735 ipse
1013 676 1187 721 Attalus
1209 694 1308 724 cum
1333 698 1420 726 ira-

130 739 322 804 jeciffet‚
353 743 473 806 spem
500 755 676 790 tantum
704 744 857 790 auxilii
884 762 939 790 ex
970 747 1233 811 propinquo
1268 752 1423 799 osten-

131 813 221 872 dit,
242 831 386 878 neque
406 827 522 864 terra
536 854 549 875 ‚
571 833 715 880 neque
736 817 845 863 mari
866 817 1024 879 adjutis
1045 819 1192 869 sociis,

197 890 345 936 XVII.
372 890 586 955 Abydeni
612 891 786 953 primo,
807 892 1043 939 tormentis
1068 911 1145 955 per
1164 913 1316 944 muros
1335 899 1425 947 dis-

133 961 316 1024 positis,
351 979 446 1010 non
472 975 590 1010 terra
618 965 760 1010 modo
794 964 1006 1011 adeuntes
1036 966 1154 1013 aditu
1183 974 1424 1034 arcebant,
1427 990 1429 993 ’

135 1032 209 1080 sed
236 1034 420 1081 navium
443 1052 626 1098 quoque
655 1036 888 1082 stationem
921 1037 1120 1085 intestam
1151 1041 1315 1088 hosti
1291 1049 1427 1093 tacie-

136 1108 260 1153 bant.
286 1106 464 1170 postea,
485 1124 586 1153 cum
609 1108 659 1154 &
686 1108 802 1153 muri
829 1126 928 1170 pars
955 1110 1086 1157 strata
1113 1114 1278 1172 ruinis,
1300 1121 1348 1165 ὅ(
1371 1121 1427 1166 ad

137 1177 402 1225 interiorem
430 1179 593 1240 raptim
615 1179 872 1240 oppositum
895 1198 1074 1228 murum
1097 1153 1347 1234 cunicuiis
1337 1209 1365 1249 J
1356 1210 1428 1238 un

139 1262 410 1315 perventum
430 1252 557 1308 effet,
576 1251 747 1314 legatos
769 1253 823 1298 ad
844 1269 991 1315 regem
1012 1256 1065 1300 de
1082 1248 1429 1311 conditionibus

138 1323 365 1370 tradendae
391 1322 514 1371 urbis
544 1323 773 1370 miserunt.
806 1324 1145 1373 paciscebantur
1175 1347 1346 1386 autem,
1377 1352 1430 1382 ut

137 1397 365 1444 Rhodiam
386 1397 714 1459 quadriremem
736 1414 836 1444 cum
860 1396 992 1443 sociis
1012 1401 1247 1449 navalibus
1263 1440 1276 1459 ‚
1300 1409 1431 1453 Atra-

137 1472 264 1536 lique
288 1472 535 1535 praefidium
556 1472 699 1518 emitti
728 1471 880 1517 liceret
890 1490 903 1528 ;
922 1484 1053 1535 atque
1075 1474 1174 1536 ipsis
1202 1478 1313 1525 urbe
1346 1499 1432 1527 ex-

141 1547 300 1594 cedere
329 1564 430 1594 cum
461 1546 643 1610 singulis
672 1545 960 1593 vestimentis.
994 1549 1173 1607 Quibus
1198 1569 1298 1598 cum
1328 1555 1431 1601 Phi-

139 1620 291 1683 lippus
319 1619 432 1666 nihil
461 1621 629 1682 pacati,
659 1619 739 1664 nisi
769 1619 921 1665 omnia
946 1622 1332 1685 permittentibiffi,
1359 1646 1435 1675 re-

143 1692 412 1755 spondiffet3
430 1693 542 1740 adeo
569 1692 820 1739 renuntiata
848 1693 942 1740 haec
965 1694 1127 1757 legatio
1147 1696 1203 1744 ab
1224 1700 1432 1764 indigna-

144 1767 273 1812 tione
305 1765 432 1812 fimul
455 1782 507 1812 ac
535 1764 843 1829 desperatione
870 1767 979 1813 iram
1009 1771 1242 1829 accendit,
1274 1786 1349 1831 ut,
1379 1777 1436 1823 ad

145 1839 433 1903 Saguntinam
458 1839 628 1886 rabiem
651 1839 793 1897 versi,
819 1854 1047 1888 matronas
1074 1859 1230 1891 omnes
1251 1846 1296 1891 in
1320 1864 1437 1894 tem-

146 1912 227 1976 plo
256 1912 446 1971 Dianae,
475 1929 640 1975 pueros
668 1913 887 1975 ingenuos
904 1950 917 1970 ‚
941 1914 1229 1980 virginesque
1246 1956 1259 1976 ‚
1284 1920 1439 1968 infan-

147 1996 214 2031 tes
231 1984 363 2031 etiam
382 2002 483 2032 cum
504 1985 588 2031 suis
610 1986 882 2043 nutricibus,
898 1987 940 2031 in
963 1990 1241 2051 gymnafium
1264 1994 1439 2045 includi

146 2054 352 2117 juberent
370 2073 381 2101 z
400 2072 557 2101 aurum
578 2059 626 2104 ὅ(
646 2069 877 2120 argentum
900 2058 945 2104 in
966 2058 1114 2106 forum
1143 2063 1331 2123 deferri,
1355 2084 1442 2114 ve·-

150 2127 260 2175 stem
287 2127 526 2190 pretiosam
547 2128 595 2173 in
621 2147 759 2177 naves
785 2131 1010 2178 Rhodiam
1038 2135 1443 2202 Cyzicenamque,

149 2202 322 2266 quaein
348 2213 485 2263 portu
513 2213 662 2260 erant,
690 2204 872 2267 congeri
896 2223 906 2251 :
937 2204 1186 2254 sacerdotes
1216 2210 1443 2257 victimas-

150 2293 241 2340 que
260 2275 450 2333 adduci,
468 2277 518 2323 &
539 2276 692 2322 altaria
710 2277 757 2323 in
776 2279 926 2325 medio
948 2281 1073 2341 poni.
1096 2281 1157 2327 ibi
1179 2283 1333 2329 delecti
1352 2285 1445 2347 pri·

151 2368 308 2409 mum,
339 2350 445 2413 qui,
477 2350 554 2397 ubi
583 2350 738 2399 caesam
770 2353 909 2399 aciem
939 2355 1147 2413 suorum,
1176 2373 1260 2418 pro
1289 2359 1445 2407 diruto

155 2440 288 2470 muro
310 2435 609 2486 pugnantem,
630 2423 865 2484 vidissent,
885 2428 1114 2490 extemplo
1143 2427 1361 2493 conjuges
1385 2431 1444 2477 li-

156 2496 379 2555 berosque
407 2495 740 2557 interficerent3
762 2515 944 2561 aurum,
974 2515 1231 2564 argentum,
1255 2504 1444 2569 vestem:

224 2571 275 2619 T.
302 2574 396 2621 Liv.
422 2577 467 2622 V
465 2576 524 2620 ol.
554 2575 611 2621 V.
1154 2575 1191 2632 R
