1592 2724
252 181 805 240 H1sToR1ARUM
843 194 1225 240 LIB.XXX1V.
1296 210 1386 259 399

105 311 268 342 norum
294 296 558 356 junxissent:
593 297 794 354 tertiam,
832 297 861 342 s1
897 296 1050 360 utique
1089 297 1256 344 bellum
1291 300 1390 362 pla-

106 381 231 427 ceat,
269 371 382 416 diem
413 371 656 432 locumque
689 368 997 425 constituant,
1028 370 1104 415 ubi
1133 370 1282 418 secum
1316 389 1391 418 ar-

104 442 188 487 mis
219 443 474 490 decernant.
508 441 802 489 ACeltiberis
834 441 925 487 dies
957 443 1011 488 ad
1047 443 1391 492 consultandum

104 513 255 575 petita.
290 515 536 561 concilium
555 513 769 560 immixtis
786 513 1056 561 Turdetanis
1076 515 1273 562 habitum
1296 535 1391 564 ma·-

105 602 196 648 gno
218 603 318 633 cum
338 587 559 633 tumultu:
591 603 647 632 eo
670 587 816 633 minus
838 587 1017 635 decerni
1042 588 1287 651 quidquam
1308 606 1390 651 po-

105 658 205 705 tuit.
241 660 358 705 Cum
391 659 610 705 incertum
631 694 644 713 ,
681 660 843 705 bellum
871 676 927 705 an
950 676 1037 721 pax
1069 675 1171 706 cum
1190 659 1392 706 Celtibe·

105 730 164 775 ris
191 730 325 789 effet,
359 742 637 777 commeatus
666 743 815 777 tamen
835 765 850 787 ,
886 731 1002 777 haud
1036 729 1157 777 secus
1187 747 1317 793 quam
1343 731 1392 778 in

105 820 242 866 pace,
270 820 325 849 ex
344 803 461 866 agris
490 802 758 865 castellisque
792 803 988 850 hostium
1014 803 1213 849 Romani
1234 818 1392 865 porta-

105 877 246 922 bant:
278 875 380 921 dein
419 875 533 937 saepe
568 876 850 923 munimenta
879 893 1070 933 eorum,
1104 877 1231 922 velut
1262 893 1393 922 com-

105 949 230 994 muni
263 949 393 1009 pacto
433 948 712 993 commercio
751 947 940 1009 privatis
978 947 1202 1005 induciis,
1242 947 1393 1011 ingre·

107 1020 291 1067 dientes.
329 1020 501 1067 Consul
530 1020 607 1066 ubi
636 1019 784 1066 hostes
816 1021 869 1065 ad
896 1036 1091 1082 pugnam
1124 1020 1285 1067 elicere
1315 1037 1393 1066 ne-

105 1092 236 1155 quit,
266 1091 461 1154 primum
494 1093 741 1153 praedatum
776 1091 853 1138 sub
890 1091 1023 1155 lignis
1051 1091 1223 1153 aliquot
1258 1108 1392 1153 expe·

105 1165 218 1212 ditas
252 1166 463 1211 cohortes
501 1165 547 1211 in
583 1182 741 1228 agrum
780 1166 966 1228 integrae
1002 1166 1200 1229 regionis
1237 1166 1388 1212 ducit:

105 1236 264 1281 deinde
298 1236 483 1292 audito,
514 1237 735 1299 Seguntiae
764 1238 1042 1285 Celtiberum
1070 1255 1226 1285 omnes
1258 1238 1391 1285 sarci-

104 1323 184 1352 nas
220 1306 629 1369 impedimentaque
662 1309 808 1355 relicta
828 1344 841 1365 ‚
881 1327 938 1356 eo
972 1312 1116 1373 pergit
1148 1312 1310 1358 ducere
1338 1313 1393 1357 ad

106 1379 478 1439 oppugnandum.
511 1379 748 1439 Postquam
777 1382 897 1427 nulla
920 1396 1164 1428 moventur
1184 1394 1254 1436 re,
1287 1395 1391 1440 per-

106 1448 255 1493 soluto
287 1448 506 1509 stipendio
525 1483 539 1506 ,
569 1465 662 1494 non
701 1449 786 1495 suis
818 1452 983 1507 modo,
1011 1449 1082 1495 scd
1112 1450 1244 1495 etiam
1272 1467 1390 1512 prae-

38 1548 40 1550 -
105 1521 218 1568 toris
244 1521 458 1567 militibus
477 1557 489 1578 ,
520 1522 768 1586 relictoque
797 1524 921 1571 omni
946 1524 1145 1569 exercitu
1176 1523 1222 1570 in
1244 1525 1390 1571 castris

106 1595 328 1655 praetoriis
346 1630 359 1651 ,
388 1594 478 1657 ipse
504 1611 606 1641 cum
638 1595 804 1658 septem
836 1596 1104 1643 cohortibus
1132 1598 1185 1643 ad
1214 1597 1389 1645 Iberum

106 1668 169 1713 est
194 1669 422 1731 regreffus.

174 1742 282 1792 XX.
318 1744 377 1786 Ea
399 1757 488 1788 tam
522 1743 683 1807 exigua
711 1761 845 1791 manu
868 1745 1033 1807 oppida
1055 1745 1228 1810 aliquot
1258 1745 1389 1808 cepit.

106 1814 310 1861 defecere
349 1815 402 1860 ad
443 1833 544 1863 eum
578 1818 814 1875 Sedetani,
858 1820 1100 1878 Ausetani,
1135 1820 1390 1867 Suessetani.

105 1888 376 1945 Lacetanos,
411 1888 585 1935 deviam
616 1892 666 1936 δε.
686 1890 925 1937 silvestrem
959 1906 1135 1956 gentem
1154 1929 1167 1950 ,
1198 1910 1298 1939 cum
1320 1892 1389 1938 in-

105 1958 183 2004 fita
218 1957 366 2004 feritas
403 1960 666 2019 continebat
695 1962 741 2007 in
771 1964 933 2021 armis,
965 1980 1059 2009 tum
1091 1963 1387 2021 conscientia,

105 2031 211 2077 dum
241 2030 397 2077 consul
428 2029 737 2098 exercitusque
763 2036 972 2082 Turdulo
1004 2036 1126 2082 bello
1158 2036 1219 2082 est
1246 2053 1388 2082 occu-

105 2113 261 2164 patus,
292 2104 670 2165 depopulatorum
701 2106 855 2155 subitis
884 2109 1215 2156 incurfionibus
1243 2109 1389 2155 socio·

106 2193 221 2222 rum.
243 2178 377 2240 Igitur
395 2179 450 2224 ad
468 2179 686 2241 oppidum
709 2199 866 2229 eorum
897 2184 1251 2246 oppugnandum
1273 2199 1389 2229 con-

106 2250 172 2295 sul
196 2251 347 2306 ducit,
386 2268 481 2297 non
511 2255 738 2300 Romanas
769 2257 910 2301 modo
939 2258 1180 2311 cohortes,
1202 2255 1285 2312 ,sed
1314 2254 1388 2316 ju-

108 2334 343 2368 ventutem
375 2325 507 2370 etiam
542 2326 707 2372 merito
743 2326 1018 2373 infensorum
1054 2327 1107 2374 iis
1148 2327 1390 2375 sociorum.

109 2396 342 2458 Oppidum
383 2399 566 2461 longum
589 2435 603 2458 ,
638 2400 685 2445 in
723 2400 1003 2447 latitudinem
1047 2402 1390 2464 haudquaquam

107 2471 370 2518 tantundem
402 2483 590 2534 patens,
618 2473 855 2523 habebant..
896 2475 1252 2539 quadringentos
1285 2474 1390 2522 inde
