1592 2724
232 165 324 229 388
593 162 1158 212 T1T1L1V11

297 275 414 322 VIII.
451 274 561 321 Haee
596 291 696 321 cum
721 287 881 321 contra
907 272 1049 336 legem
1076 287 1254 336 proque
1280 270 1377 335 Iege
1403 270 1518 319 dista

228 348 370 397 essent
384 384 397 405 ‚
418 347 649 411 aliquanto
670 347 816 410 major
841 344 1093 407 frequentia
1114 344 1353 390 mulierum
1374 344 1520 406 poste·

230 439 286 471 ro
321 422 392 468 die
427 419 515 468 sese
550 421 594 468 in
627 420 858 484 publicum
895 417 1086 474 effudit,
1125 433 1309 480 unoque
1345 417 1520 480 agmine

229 511 391 544 omnes
417 494 704 540 tribunorum
738 493 891 554 januas
929 490 1230 548 obsederunt,
1267 489 1344 554 qui
1378 490 1522 536 colle-

230 584 385 633 garum
418 566 648 630 rogationi
681 564 1050 612 intercedebant:
1088 580 1172 610 nec
1204 574 1307 609 ante
1342 560 1523 608 abstite-

229 654 371 698 runt,
413 657 547 701 quam
586 638 759 685 remissa
793 638 1047 685 interceffio
1086 637 1142 683 ab
1176 634 1367 682 tribunis
1405 635 1524 682 effet.

231 714 367 762 NuIla
393 713 552 758 deinde
580 711 804 757 dubitatio
833 707 944 769 fuitg
979 710 1089 774 quin
1117 726 1276 756 omnes
1299 708 1439 755 tribus
1462 709 1523 754 Ie-

230 803 331 852 gem
352 786 636 848 abrogarent.
671 801 795 832 anno
820 784 1037 832 vicesimo
1063 784 1161 846 post
1185 786 1397 846 abrogata
1433 782 1523 842 est,

229 876 365 923 quam
390 858 488 904 Iata.
526 860 589 905 M.
618 857 805 904 Porcius
832 855 1019 914 consul,
1046 855 1283 918 postquam
1312 856 1524 918 abrogata

228 935 295 982 vest
315 934 468 997 Oppia
498 933 570 979 lex
586 969 601 991 ‚
637 931 870 995 extemplo
906 931 1073 995 viginti
1102 930 1302 994 quinque
1331 932 1527 979 navibus

231 1009 383 1073 Iongis
415 1006 647 1072 (quinque
669 1006 898 1054 sociorum
916 1004 1072 1068 erant)
1112 1005 1166 1051 ad
1184 1007 1322 1051 Lunae
1341 1016 1527 1066 portum

232 1082 463 1148 profeffixs
485 1117 499 1139 ,
537 1082 699 1127 eodem
735 1078 936 1126 exercitu
974 1077 1226 1125 convenire
1263 1076 1375 1138 juffo
1394 1113 1410 1134 ,
1447 1078 1527 1135 δε,

231 1155 383 1202 εάὶξὶο
411 1169 490 1216 per
519 1169 645 1199 oram
676 1151 941 1198 maritimam
975 1149 1134 1207 miffo,
1165 1148 1356 1196 navibus
1377 1148 1529 1194 omnis

233 1228 411 1293 generis
438 1226 702 1284 contraffis,
725 1226 779 1271 ab
805 1228 930 1272 Luna
963 1221 1253 1285 proficiscens
1283 1221 1451 1278 edixit,
1479 1222 1529 1267 ut
1551 1250 1553 1252 -

230 1301 291 1348 ad
314 1314 498 1361 portum
515 1293 732 1361 'Pyrenaei
758 1295 1063 1359 sequerentur.
1103 1294 1207 1340 inde
1231 1295 1273 1340 se
1303 1292 1528 1356 frequenti

234 1372 366 1421 claffe
382 1372 436 1417 ad
453 1369 601 1416 hostes
623 1369 805 1414 iturum.
820 1367 1106 1414 Praeterveffi
1120 1361 1375 1429 Ligustinos
1395 1382 1529 1411 mon-

235 1459 303 1494 tes
329 1446 562 1507 finumque
588 1442 821 1488 Gallicum
838 1477 852 1498 ,
877 1440 933 1486 ad
964 1440 1079 1486 diem
1095 1475 1108 1497 ‚
1136 1456 1274 1502 quam
1300 1438 1526 1496 edixerat,

236 1527 574 1567 convenerunt.
608 1514 711 1559 inde
733 1512 943 1558 Rhodam
962 1522 1176 1567 ventum,
1193 1510 1243 1556 &
1268 1509 1522 1571 praefidium

237 1589 547 1652 Hispanorum
567 1623 582 1645 ,
617 1588 746 1650 quod
770 1587 816 1632 in
847 1584 1029 1631 castello
1060 1595 1184 1640 erat,
1212 1581 1262 1628 vi
1295 1582 1527 1642 dejefihim.

237 1663 308 1709 Ab
333 1660 497 1706 Rhoda
516 1657 711 1706 secundo
730 1670 872 1706 vento
895 1655 1130 1719 Emporias
1157 1666 1442 1717 perventum.
1463 1654 1528 1701 ibi

236 1735 385 1797 copiae
406 1748 565 1779 omnes
579 1768 593 1791 ‚
612 1743 775 1795 praeter
794 1729 944 1778 socios
964 1728 1171 1787 navaies,
1190 1728 1238 1773 in
1261 1738 1423 1773 terram
1443 1743 1527 1773 ex·
1556 1761 1559 1770 ,

237 1808 407 1872 pofitae„

301 1881 381 1925 IX.
420 1878 514 1924 Iam
543 1887 653 1922 tunc
672 1875 899 1938 Emporiae
930 1874 1022 1921 duo
1048 1872 1216 1936 oppida
1245 1884 1369 1920 erant
1393 1890 1527 1920 muro

236 1951 391 2000 divisa.
423 1953 580 1996 Unum
604 1949 755 1996 Graeci
780 1947 1029 2005 habebant,
1057 1964 1079 1992 a
1096 1946 1310 2003 Phocaea,
1338 1946 1456 1992 unde
1477 1948 1528 1994 &

238 2023 559 2079 Maffilknses,
591 2022 798 2068 oriundi:
829 2021 1018 2067 alterum
1055 2018 1252 2082 Hispani.
1292 2018 1367 2065 sed
1397 2020 1528 2065 Grae·

238 2115 343 2146 cum
377 2095 600 2159 oppidum
636 2095 682 2139 in
717 2111 838 2140 mare
871 2092 1153 2154 expositum,
1186 2103 1334 2138 totum
1368 2090 1526 2136 orbem

237 2171 358 2218 muri
376 2169 524 2215 minus
541 2168 892 2231 quadringentos
910 2165 1051 2228 passus
1071 2176 1297 2227 patentem
1317 2164 1527 2210 habebat:

242 2242 451 2306 Hispanis
471 2240 704 2287 retraffior
725 2257 748 2286 a
769 2240 879 2286 mari
896 2239 1031 2286 trium
1053 2237 1242 2283 millium
1261 2236 1456 2300 paffuum
1477 2236 1526 2280 in

239 2317 436 2365 circuitu
466 2331 621 2362 murus
652 2326 758 2360 erat.
792 2312 995 2361 Tertium
1025 2326 1162 2374 genus
1180 2346 1194 2368 ‚
1220 2308 1415 2355 Romani
1441 2323 1526 2354 co-

238 2390 341 2437 loni
359 2391 415 2437 ab
433 2388 565 2435 Divo
593 2386 795 2444 Caesare,
824 2384 923 2448 post
941 2384 1145 2429 devifflos
1178 2380 1381 2444 Pompeji
1411 2380 1527 2426 libe-

241 2480 316 2512 ros
332 2500 347 2525 ‚
377 2463 547 2526 adjeffi.
582 2479 704 2511 nunc
725 2462 773 2509 in
793 2476 960 2522 corpus
983 2475 1126 2505 unum
1146 2456 1321 2506 confusi
1338 2470 1523 2507 omnes;
