1592 2724
160 144 188 189 8
522 138 1081 185 TI‘TILIVII

158 248 207 293 P.
235 243 457 307 Sulpicius
486 245 734 307 proconsul
771 247 822 293 &
853 245 1027 292 Attalus
1060 261 1143 291 rex
1183 262 1282 294 cum
1319 247 1449 310 AEgid

160 336 231 365 11ae
260 319 400 379 (licut
430 336 533 365 ante
560 319 723 365 diuum
750 318 841 382 est)
873 319 1195 377 hibernassent,
1226 323 1445 367 Lemnum

160 390 294 447 inde,
324 390 451 439 claffe
486 388 674 453 junsta,
700 392 920 439 Romanae
956 391 1155 455 quinque
1191 393 1240 440 &
1281 392 1446 456 viginti

161 464 534 525 quinqueremes,
569 464 702 527 regiae
739 463 938 528 quinque
973 465 1023 511 &
1056 464 1268 528 triginta,
1301 464 1448 511 trans-

162 536 391 584 miserunt.
427 537 483 582 Et
515 537 746 599 Philippus
762 573 776 594 ‚
799 550 872 596 ut,
892 536 967 584 seu
990 549 1105 584 terra
1134 538 1204 585 seu
1227 537 1340 584 mari
1359 537 1448 584 ob-

161 610 284 657 viarn
318 610 513 655 eundum
540 609 657 655 hosti
693 610 844 666 foret,
879 624 1056 673 paratus
1089 611 1145 657 ad
1176 626 1334 656 omnes
1363 626 1448 657 co-

163 697 297 729 natus
331 682 433 728 effet
455 718 470 741 ,
507 682 596 744 ipse
628 685 966 731 Demetriadem
1010 684 1066 730 ad
1099 699 1221 729 mare
1261 682 1450 730 descend

163 756 256 802 dit:
276 756 481 802 Larissam
510 758 628 803 diem
646 758 700 803 ad
722 758 1088 805 conveniendum
1114 756 1334 804 exercitui
1351 756 1452 802 edi-

165 828 250 876 xit.
283 829 494 892 Undique
522 830 576 876 ab
606 830 736 878 sociis
761 831 1006 894 legationes
1031 830 1365 877 Demetriadem
1394 828 1451 874 ad

165 900 330 947 famam
348 902 462 965 regis
487 916 819 952 convenerunt,
846 904 1119 950 Sustulerant
1136 904 1255 950 enim
1275 902 1453 950 animos

168 974 338 1032 AEtoli‚
367 992 471 1022 cum
500 976 555 1022 ab
578 977 784 1023 Romana
809 976 1045 1033 societate,
1065 989 1161 1022 tum
1187 976 1288 1039 post
1311 975 1452 1022 Attali

167 1045 438 1101 adventurm
457 1046 759 1109 finitimosque
777 1049 1179 1111 depopulabantur.
1209 1065 1293 1095 nec
1311 1049 1454 1094 Acar-

168 1132 309 1163 nanes
338 1117 480 1163 solum
505 1119 748 1181 Boeotique
763 1154 777 1177 ,
797 1120 847 1165 &
866 1119 943 1183 qui
964 1119 1183 1165 Euboeam
1210 1116 1452 1174 incolunt,

169 1186 220 1232 in
258 1206 423 1250 magno
457 1202 579 1237 metu
616 1204 774 1237 erant:
798 1191 870 1237 sed
900 1191 1054 1238 Achaei
1092 1206 1302 1254 quoque,
1336 1204 1453 1252 quos

171 1261 301 1323 super
320 1262 564 1310 AEtolicum
585 1264 753 1311 bellum
783 1265 1071 1312 Machanidas
1091 1265 1219 1310 etiam
1244 1264 1454 1310 Lacedae-

170 1335 355 1382 monius
372 1350 619 1399 tyrannus,
637 1337 756 1384 haud
775 1337 937 1400 procul
956 1338 1237 1400 Argivorum
1254 1335 1342 1382 fine
1363 1352 1453 1398 po-

170 1407 264 1455 sitis
293 1409 466 1469 castris,
501 1411 702 1456 terrebat.
734 1409 781 1456 hi
811 1426 968 1456 omnes
997 1409 1082 1456 suis
1111 1408 1296 1473 quisque
1328 1408 1455 1455 urbi-

171 1481 280 1539 bus,
311 1499 412 1544 quae
445 1484 792 1545 periculassterra
814 1482 1016 1545 marique
1041 1483 1456 1544 portendebantur,

170 1567 503 1614 memorantes,
523 1558 689 1603 auxilia
711 1573 859 1619 regem
888 1556 1091 1602 orabant.
1127 1557 1196 1601 Ne
1227 1571 1283 1600 ex
1312 1569 1454 1616 regno

169 1625 357 1687 quidem
383 1626 517 1688 ipfius
537 1627 789 1690 tranquillae
811 1627 1128 1673 nuntiabantur
1147 1642 1229 1672 res.
1256 1628 1305 1672 δί
1326 1625 1456 1671 Scer-

171 1699 385 1746 dilaedum
419 1702 764 1766 Pleuratumque
800 1714 952 1748 motos
994 1701 1103 1755 effe,
1142 1703 1191 1748 &
1225 1700 1457 1747 Thracum

172 1771 368 1818 maxime
389 1774 587 1832 Maedos,
604 1775 635 1820 fi
650 1774 781 1838 ,quod
802 1774 1102 1837 longinquum
1122 1772 1289 1818 bellum
1308 1788 1458 1834 regem

173 1844 452 1906 occupafl'et,
476 1847 684 1908 proxima
706 1845 988 1893 Macedoniae
1006 1843 1279 1891 incursuros.
1306 1842 1458 1889 Bceoti

172 1915 356 1977 quidem
387 1919 435 1964 &
465 1918 703 1966 interiores
731 1919 921 1965 Graeciae
946 1916 1131 1980 populi,
1160 1917 1458 1978 Thermopy-

172 1987 316 2034 larum
349 1988 533 2049 saltum,
559 1992 638 2038 ubi
670 1991 864 2054 angustae
900 1990 1050 2037 fauces
1083 1990 1312 2036 comitant
1348 1989 1458 2043 iter,

176 2058 287 2106 {offa
315 2062 531 2125 valloque
549 2064 787 2111 intercludi
809 2064 864 2110 ab
882 2062 1068 2120 AEtolis,
1087 2061 1379 2117 nuntiabant,
1401 2077 1458 2105 ne

174 2133 404 2180 transitum
433 2136 486 2181 ad
516 2135 743 2183 sociorum
777 2137 908 2183 urbes
933 2135 1118 2182 tuendas
1145 2135 1352 2197 Philippo
1381 2133 1459 2179 da·-

175 2219 290 2253 rent.
316 2208 401 2254 Vel
428 2208 601 2272 segnem
628 2211 783 2257 ducem
815 2222 886 2256 tot
915 2209 1110 2255 excitare
1133 2208 1349 2254 tumultus
1370 2206 1458 2252 cir-

177 2278 366 2326 cumfufi
400 2293 622 2343 poterant.
660 2282 924 2344 Legationes
955 2276 1167 2338 dimittit,
1198 2278 1459 2342 pollicitus,

178 2363 317 2412 prout
346 2362 519 2415 tempus
542 2370 592 2399 ac
620 2369 687 2399 res
717 2354 758 2398 ie
787 2353 932 2410 daret,
961 2350 1171 2397 omnibus
1196 2348 1390 2396 laturum
1415 2346 1459 2392 se

180 2423 414 2473 auxilium.
442 2424 486 2473 in
516 2425 771 2491 praesentia,
798 2443 898 2490 quae
920 2424 1114 2474 maxime
1146 2421 1331 2486 urgebat
1359 2435 1459 2478 τες,
