1592 2724
295 149 832 232 HISTORlARUM
877 185 1004 233 LIB.
1045 185 1242 235 xxix.¹
1313 201 1396 250 ης

121 288 292 337 tificum
323 291 513 337 relatum
537 292 590 337 de
611 289 872 354 expiandis,
905 308 1005 354 quae
1031 293 1188 339 Locris
1216 291 1262 339 in
1287 304 1402 340 tem-

121 362 202 426 plo
233 363 506 426 Proserpinae
541 365 684 421 tacta,
720 362 893 409 violata
912 398 926 420 ,
957 363 1160 426 elataque
1196 364 1300 411 inde
1334 366 1403 412 es·

121 435 231 482 sent.
259 437 451 484 Tribuni
482 430 620 498 plebis
657 451 758 482 cum
785 446 978 497 praetore
1000 436 1049 482 δέ
1073 436 1227 481 decem
1248 436 1403 498 legatis

120 508 310 570 profeffi
344 512 406 556 M.
428 508 643 555 Claudius
669 507 910 553 Marcellus
939 509 987 555 &
1013 509 1079 555 M.
1098 507 1287 556 Cincius
1309 510 1402 555 Ali-

119 593 327 629 mentus:
363 582 415 628 iis
450 582 588 627 aedilis
619 581 760 643 plebis
792 582 916 628 datus
941 617 956 639 ‚
987 598 1153 644 quem,
1186 582 1217 628 fi
1248 596 1325 630 aut
1356 582 1403 629 in

119 653 268 700 Sicilia
296 653 481 716 praetori
509 653 628 699 dicio
659 652 840 699 audiens
874 669 970 699 non
990 653 1093 699 effet
1118 653 1300 715 Scipio,
1325 670 1404 701 aut

118 724 207 787 jam
235 727 283 772 in
303 725 498 772 Africam
526 723 760 784 trajecisset
779 761 792 781 ,
825 725 1041 786 prendere
1075 725 1244 771 tribuni
1274 724 1404 785 jube-

118 810 243 856 rent,
258 816 308 845 ac
325 798 421 859 jure
438 797 721 845 sacrosanctae
739 799 964 861 potestatis
983 799 1260 846 reducerent.
1277 799 1403 846 Prius

119 873 294 917 Locros
316 870 405 927 ire,
427 888 560 934 quam
580 870 846 928 Messanam,
867 871 1103 918 confilium
1125 883 1232 920 erat.

186 946 316 991 XXI.
351 945 564 990 Ceterum
599 944 765 1006 duplex
794 943 908 991 fama
939 945 1026 1003 est,
1060 945 1186 1008 quod
1220 945 1274 991 ad
1301 944 1405 991 Ple-

119 1017 311 1066 minium
341 1016 512 1063 attinet.
547 1014 649 1073 alii,
678 1017 838 1063 auditis
856 1053 869 1075 ‚
901 1034 1001 1079 quae
1031 1018 1191 1063 Romae
1218 1019 1310 1064 aeta
1340 1016 1404 1064 es-

121 1089 241 1147 sent,
264 1089 311 1135 in
330 1087 535 1134 exfilium
557 1087 798 1148 Neapolim
823 1099 1000 1134 euntem
1022 1087 1141 1135 forte
1157 1087 1205 1133 in
1224 1090 1286 1148 Q.
1307 1091 1404 1135 Me-

121 1161 277 1209 tellum
295 1195 309 1218 ,
339 1175 478 1205 unum
503 1174 560 1204 ex
590 1157 774 1221 legatis„
796 1158 1022 1217 incidisse,
1050 1161 1099 1207 &
1130 1161 1185 1206 ab
1211 1175 1266 1206 eo
1286 1161 1404 1206 Rhe-

120 1234 244 1297 gium
274 1231 322 1279 vi
354 1230 588 1276 retractum
620 1230 826 1277 tradunt:
862 1230 970 1285 alii,
1007 1231 1062 1276 ab
1091 1231 1187 1293 ipso
1222 1231 1404 1294 Scipio-

125 1320 181 1350 ne
201 1303 391 1366 legatum
412 1318 514 1348 cum
544 1300 724 1363 triginta
751 1301 1033 1348 nobiliffimis
1062 1303 1263 1366 equitum
1296 1304 1404 1350 mis-

122 1375 247 1432 sum,
278 1373 358 1437 qui
391 1375 452 1433 Q.
488 1372 755 1419 Pleminium
792 1374 839 1419 in
878 1386 1087 1431 catenas,
1121 1375 1171 1420 &
1207 1391 1308 1421 cum
1345 1390 1404 1421 eo

123 1446 352 1495 seditionis
385 1446 610 1509 principes
631 1481 645 1505 ‚
680 1445 973 1506 conjicerent.
1024 1446 1058 1492 Ii
1096 1462 1254 1494 omnes
1278 1483 1292 1504 ‚
1327 1447 1404 1494 seu

123 1532 227 1568 ante
247 1519 500 1582 Scipionis,
535 1518 609 1565 seu
640 1531 733 1565 tum
762 1519 967 1581 praetoris
999 1518 1110 1578 juffu
1130 1555 1144 1577 ,
1174 1520 1323 1566 traditi
1356 1519 1405 1567 in

124 1592 373 1642 custodiam
394 1591 625 1655 Rheginis.
654 1593 826 1638 Praetor
855 1592 1074 1655 legatique
1095 1594 1269 1638 Locros
1290 1608 1404 1652 pro-

125 1665 227 1712 fecti
244 1701 256 1722 ‚
274 1664 459 1727 primam
476 1698 489 1720 ‚
511 1662 638 1710 iieuti
658 1664 915 1710 mandaturi}
935 1675 1050 1720 erat,
1071 1662 1301 1726 religionis
1329 1682 1406 1712 cu·

125 1755 222 1786 ram
242 1737 448 1783 habuere.
473 1751 654 1781 omnem
677 1735 794 1781 enim
814 1735 978 1783 sacrani
1001 1735 1262 1798 pecuniam,
1283 1754 1407 1800 quaeq

126 1825 215 1873 que
243 1807 360 1871 apud
385 1805 652 1853 Pleminium
671 1841 688 1864 ,
721 1823 912 1870 quaeque
945 1806 1063 1869 apud
1094 1805 1256 1853 milites
1281 1819 1403 1866 erat,

126 1880 452 1944 conquiffiam,
477 1896 578 1925 cum
605 1895 657 1924 ea
685 1895 817 1942 quam
847 1879 926 1941 ipfi
956 1880 1101 1926 secum
1132 1879 1400 1941 attulerant,

127 1954 177 2001 in
195 1953 406 2000 thesauris
430 1951 753 2014 reposuerunt,
782 1969 834 1998 ac
858 1951 1079 2014 piaculare
1097 1951 1267 1999 sacrum
1288 1952 1406 2001 feee-

129 2039 249 2074 runt.
290 2037 386 2072 tum
418 2038 609 2073 vocatos
641 2025 697 2071 ad
727 2025 999 2072 concionem
1037 2024 1199 2072 milites
1232 2038 1403 2087 praetor

129 2100 249 2163 signa
277 2111 399 2145 extra
418 2099 576 2144 urbem
597 2098 752 2144 efferre
772 2097 898 2159 jubet
915 2134 929 2156 ‚
956 2096 1183 2160 castraque
1219 2097 1263 2143 in
1286 2116 1404 2145 cam·-

127 2188 192 2237 po
222 2171 368 2227 locat,
404 2187 505 2217 eum
534 2171 659 2233 gravi
689 2171 834 2217 edicto
854 2206 868 2228 ,
901 2175 952 2216 Si
981 2174 1072 2231 quis
1101 2174 1218 2216 miles
1250 2187 1324 2217 aut
1358 2175 1403 2216 in

130 2247 224 2292 urbe
252 2240 464 2308 restitiffit,
495 2258 570 2287 auc
585 2243 725 2302 ficum
759 2241 991 2306 extuliffit‚
1023 2246 1135 2303 quod
1149 2246 1280 2303 sicum
1319 2261 1404 2287 non

131 2316 237 2381 effic.
275 2315 536 2379 Locrenfibus
551 2316 605 2376 sei
622 2320 848 2376 permittere
866 2350 880 2373 ,
911 2331 986 2372 ut,
1014 2317 1125 2375 quod
1139 2315 1215 2377 sui
1242 2314 1403 2373 quissqzae

133 2386 357 2450 cognoffit‚
381 2389 649 2447 prehenderet.
674 2388 724 2450 st
753 2391 854 2449 quid
883 2406 969 2432 77on
999 2400 1266 2445 compareret,
1296 2403 1405 2444 repe-

133 2478 239 2510 teret.
277 2466 388 2507 Ante
424 2463 595 2519 omnia,
629 2463 755 2508 libera
789 2479 959 2523 corpora
985 2464 1143 2521 placere
1166 2457 1261 2520 stne
1289 2474 1405 2503 mora

203 2538 253 2583 T.
277 2537 370 2583 Liv.
397 2539 440 2583 V
439 2538 495 2583 οἰ.
527 2537 582 2581 V.
1081 2548 1088 2552 ’
1111 2531 1154 2577 H
