1592 2724
301 159 841 208 HISTORIARUM
875 162 1003 207 LIB.
1040 160 1256 207 XXXIIL
1325 176 1414 222 343

137 265 310 312 minum
339 266 385 313 in
406 267 599 330 proelio,
620 265 762 326 major
787 265 1015 327 praedandi
1047 265 1257 326 cupidine
1274 265 1420 328 paiata

138 355 215 400 per
253 356 384 402 agros
423 339 532 387 caesa
571 338 646 385 est.
681 338 844 400 quibus
877 336 979 398 fuga
1013 336 1270 398 expeditior
1307 335 1417 392 fuit,

138 429 192 457 ne
221 425 391 459 tentato
412 412 592 474 quidem
612 410 711 458 casu
741 427 928 472 pugnae,
948 409 994 453 in
1017 407 1126 455 fines
1148 408 1249 454 suos
1270 409 1419 456 redie-

138 499 257 532 runt.
284 489 344 531 Ea
360 503 446 532 una
466 484 754 546 expeditione
773 499 867 529 non
890 498 972 543 pro
993 480 1171 542 reliquo
1193 480 1302 526 statu
1321 481 1418 527 for-

137 574 259 605 tunae
285 558 420 617 faita,
438 557 610 604 refeetis
637 555 820 602 suorum
842 554 1001 601 animis
1016 590 1029 611 ‚
1053 553 1416 599 Thefl'aionicam

136 630 222 677 sese
248 631 431 694 recepit.
457 631 565 676 Non
588 642 676 675 tam
699 627 746 674 in
772 641 978 690 tempore
1002 626 1220 673 Punicum
1250 625 1417 671 bellum

135 704 424 750 terminatum
455 714 577 760 erat,
606 718 662 748 ne
689 700 816 747 fimul
847 702 896 748 &
925 717 1029 746 cum
1058 697 1268 760 Philippo
1297 697 1418 746 soret

136 777 418 832 bellandum3
441 794 577 840 quam
596 788 880 838 opportune,
899 773 988 834 jam
1006 772 1240 819 Antiocho
1264 772 1309 816 in
1329 773 1417 835 Sy·-

135 848 199 894 ria
227 848 442 895 moliente
463 847 656 905 bellum,
680 847 912 909 Philippus
935 845 996 892 est
1016 846 1256 906 superatus.
1286 862 1415 901 nam,

135 933 431 984 praeterquam
454 920 579 983 quod
600 918 773 967 facilius
798 936 902 966 cum
924 917 1130 981 singuiis,
1152 934 1287 979 quam
1310 917 1339 962 si
1370 918 1417 962 in

138 1013 277 1040 unum
299 994 434 1041 ambo
455 992 584 1040 simul
611 991 900 1039 contulissent
930 990 1046 1038 vires
1062 1027 1076 1049 ‚
1093 990 1306 1036 helinium
1332 989 1416 1046 cst3

134 1065 347 1127 Hispania
374 1081 558 1128 quoque
584 1062 661 1109 sub
682 1063 799 1109 idem
826 1075 1002 1124 tempus
1022 1078 1189 1125 niagno
1221 1060 1417 1107 tumultu

135 1139 191 1185 ad
207 1139 372 1185 bellum
388 1136 683 1185 consurrexit.
703 1136 959 1182 Antiochus
979 1152 1105 1192 cuni,
1126 1134 1278 1197 priore
1297 1133 1416 1180 oesta-

133 1223 177 1257 te
206 1211 569 1272 omnibus,*quae
592 1208 640 1254 in
665 1207 799 1254 Coele
829 1208 962 1271 Syria
995 1207 1124 1265 sunt,
1153 1205 1416 1255 civitatibus

133 1284 369 1331 Ptolemaei
397 1285 445 1330 in
472 1283 591 1330 suam
619 1281 886 1344 potestatem
915 1280 1124 1339 redactis,
1151 1280 1198 1326 in
1228 1281 1415 1327 hiberna

132 1356 421 1404 Antiochiam
443 1354 738 1411 conceffiffet3
753 1354 898 1401 nihilo
917 1353 1162 1416 quietiores
1176 1353 1328 1416 postea
1346 1370 1415 1400 res

133 1430 302 1477 habuit.
337 1429 552 1476 omnibus
574 1428 694 1474 enim
714 1427 842 1491 regni
862 1427 1033 1475 viribus
1054 1425 1264 1474 connisus
1278 1463 1292 1483 ,
1312 1444 1415 1473 cum

130 1504 334 1566 ingentes
364 1503 516 1565 copias
547 1500 775 1548 terrestres
800 1499 1128 1563 maritimasque
1157 1500 1414 1562 comparas-

133 1574 222 1630 set,
255 1573 481 1637 principio
513 1573 630 1620 veris
661 1573 891 1635 praemifiis
923 1586 1039 1619 terra
1073 1589 1176 1618 cum
1213 1572 1414 1620 exercitu

131 1645 232 1692 filiis
253 1646 451 1704 duobus,
476 1648 634 1709 Ardye
660 1662 712 1693 ac
730 1646 1016 1702 Mithridateffl
1040 1644 1245 1709 justisque
1266 1645 1413 1691 Sardi-

132 1719 214 1766 bus
245 1718 287 1765 se
312 1718 538 1782 opperiri3
564 1719 656 1782 ipse
689 1737 791 1767 cum
821 1719 949 1767 classe
982 1733 1163 1766 centum
1197 1719 1414 1765 testarum

131 1789 317 1838 navium
343 1825 357 1848 ‚
378 1790 433 1836 ad
452 1790 542 1838 hoc
568 1790 821 1839 levioribus
840 1790 1034 1853 navigiis
1062 1790 1343 1853 cercurisque
1363 1808 1415 1837 ac

132 1861 291 1909 lembis
324 1862 554 1921 ducentis,
591 1863 927 1926 proficiscitur:
956 1862 1083 1910 simul
1117 1880 1197 1926 per
1231 1880 1415 1910 omnem

133 1952 260 1984 oram
292 1936 557 2000 Ciliciaeque
587 1939 637 1984 &
667 1939 811 1985 Cariae
839 1950 1091 1986 tentaturus
1124 1938 1281 1995 urbes,
1311 1954 1415 2000 quae

131 2006 179 2056 in
202 2008 375 2056 ditione
395 2010 626 2056 Ptolemaei
650 2010 815 2066 effent3
838 2010 966 2057 fimul
986 2008 1240 2072 Philippum
1273 2007 1415 2072 (nec-

133 2082 237 2128 dum
273 2081 394 2129 enim
430 2082 700 2130 debellatum
741 2083 865 2148 erat)
899 2083 1100 2131 exercitu
1135 2082 1415 2145 navibusque

131 2154 374 2216 adjuturus.

198 2228 309 2274 XX.
341 2227 488 2275 Multa
508 2228 684 2292 egregia
710 2229 883 2278 Rhodii
911 2246 997 2292 pro
1022 2228 1108 2274 fide
1132 2244 1235 2291 erga
1265 2244 1415 2289 popu-

130 2301 223 2349 lum
253 2303 538 2362 Romanum,
557 2320 734 2366 proque
759 2304 975 2352 universo
1004 2303 1190 2350 nomine
1221 2304 1415 2349 Graeco-

130 2390 229 2420 rum
244 2410 261 2431 ‚
278 2385 392 2422 terra
409 2376 611 2439 marique
631 2376 720 2423 ausi
744 2376 842 2423 sunt
861 2395 872 2424 :
894 2375 1004 2422 nihil
1027 2373 1412 2437 magnificentius,

130 2462 266 2509 quam
299 2447 423 2511 quod
445 2465 497 2493 ea
527 2448 814 2512 tempestate,
841 2466 936 2496 non
971 2448 1113 2494 territi
1147 2458 1266 2493 tanta
1290 2446 1411 2492 rnole

1060 2521 1098 2565 Y
1134 2537 1164 2578 4
