1592 2724
148 166 236 208 124
500 149 1060 196 T1T11,1v11

139 256 252 302 citus
273 254 397 301 (lomi
418 254 617 313 validus,
643 272 787 318 neque
809 255 927 309 (lux,
952 271 1085 318 quem
1110 264 1423 318 opponerent‚'

137 340 242 375 erat.
274 327 551 387 Hasdrubal,
575 327 788 391 Gisgonis
808 327 945 385 filius,
975 322 1164 390 genere,
1195 327 1308 373 fama
1325 363 1340 384 ,
1357 327 1422 373 di-

137 401 288 460 vitiis,
312 401 430 465 regia
454 413 546 448 tum
570 401 703 447 etiam
728 399 938 447 affinitate
955 436 968 458 ‚
997 399 1132 462 longe
1157 398 1325 461 primus
1353 399 1423 446 ci-

136 465 290 521 vitatis
316 486 434 521 erat:
465 473 538 520 sed
566 490 666 519 eum
696 474 750 520 ab
773 473 855 519 illo
882 472 980 534 ipso
1010 471 1224 534 Scipione
1248 471 1423 535 aliquot

134 545 310 609 proeliis
330 544 474 592 fusum
495 544 765 607 pulsumque
795 544 842 589 in
862 543 1073 606 Hispania
1102 542 1422 589 meminerant:

135 636 221 666 nec
249 618 387 682 magis
409 619 567 665 ducem
589 618 690 665 duci
717 634 894 681 parem,
923 635 1055 681 quam
1080 616 1424 664 tumultuarium

137 689 386 737 exercitum
406 688 532 734 suum
552 689 763 735 Romano
783 688 1003 735 exercitui
1021 688 1118 735 effe.
1144 691 1321 751 ltaque,
1341 704 1423 735 ve-

135 764 203 809 lut
226 761 257 807 11
280 761 438 807 urbem
461 759 689 823 extemplo
718 778 770 807 ao
746 761 989 824 t„greffurus
1016 760 1176 824 Scipio
1194 759 1340 813 foret,
1362 758 1424 806 ita

136 835 191 882 ad
212 849 331 880 arma
359 832 421 879 est
448 832 813 890 conclamatum3
845 846 1080 897 portaeque
1108 833 1268 896 raptim
1297 833 1422 879 clau-

137 906 223 962 iae,
260 906 311 952 δε
344 903 502 950 armati
538 903 585 949 in
617 904 755 950 muris
778 940 792 960 ‚
830 904 1092 968 vigiliaeque
1128 906 1177 951 ὅ(
1209 904 1424 951 stationes

135 978 179 1023 di
169 976 384 1038 ipofitae‚
400 992 451 1022 ac
471 976 604 1021 nofle
623 975 874 1039 insequenti
895 993 920 1022 v
913 976 1125 1039 igilatum
1145 975 1216 1022 est.
1237 976 1426 1022 Postero

136 1049 207 1095 die
227 1046 463 1112 quingenti
487 1048 657 1112 equites
672 1086 686 1108 ‚
713 1050 986 1112 speculatum
1009 1050 1205 1097 ad'mare
1234 1050 1426 1096 turban-

136 1124 307 1187 dosque
339 1123 616 1186 egredientes
650 1141 705 1170 ex
734 1124 928 1171 navibus
959 1123 1097 1181 miffi,
1131 1124 1177 1170 in
1211 1123 1422 1171 stationes

138 1199 454 1243 Romanorum
489 1196 759 1245 inciderunt.
795 1197 883 1259 jam
919 1197 1037 1244 enim
1072 1197 1253 1260 Scipio,
1292 1198 1422 1245 claffe

135 1269 317 1317 Uticam
350 1268 504 1327 missa,
531 1268 622 1331 ipse
650 1270 769 1316 haud
798 1269 859 1316 ita
890 1269 1083 1316 inultum
1113 1269 1367 1332 progressus
1397 1286 1422 1315 a

134 1344 271 1402 mari,
291 1343 490 1390 tumulos
516 1342 753 1405 proximos
775 1354 980 1405 ceperat,
1011 1343 1180 1406 equites
1205 1345 1253 1390 &
1276 1344 1322 1389 in
1341 1342 1421 1388 sta-

133 1416 334 1464 tionibus
367 1414 482 1462 locis
503 1413 679 1462 idoneis
698 1415 935 1479 posuerat,
965 1416 1015 1464 &
1040 1432 1120 1479 per
1139 1431 1271 1480 agros
1289 1413 1422 1462 mise-

133 1502 201 1536 rat
221 1488 482 1551 praedatum.

199 1560 373 1607 XXIX.
410 1558 445 1605 Ii
477 1575 580 1606 cum
601 1558 959 1624 Carthaginiensi
984 1558 1183 1622 equitatu
1206 1557 1423 1621 proelium

135 1651 240 1681 cum
257 1630 605 1692 commififfent,
632 1650 801 1696 paucos
821 1633 867 1678 in
895 1632 992 1695 ipso
1019 1632 1291 1687 certamine,
1322 1631 1422 1693 ple-

134 1706 296 1769 rosque
332 1704 555 1768 fugientes
592 1705 811 1768 persecuti
848 1704 925 1769 (in
961 1704 1123 1768 quibus
1162 1703 1421 1767 praefeEium

134 1794 318 1841 quoque
333 1779 605 1824 Hannonem
624 1813 637 1836 ,
654 1778 856 1825 nobilem
875 1774 1121 1839 juvenem)
1141 1776 1421 1823 occiderunt.

133 1851 287 1914 Scipio
313 1867 409 1896 non
439 1867 569 1913 agros
600 1851 742 1897 modo
775 1850 895 1898 circa
915 1848 1138 1903 vastavit,
1172 1847 1245 1894 sed
1265 1848 1423 1894 urbem

124 1922 558 1985 'etiam‘proximam
596 1923 810 1970 Afrorum
849 1922 950 1968 satis
989 1920 1249 1982 opulentam
1285 1918 1421 1982 cepit.

133 1997 213 2045 ubi
251 2009 411 2059 praeter
451 2009 632 2055 cetera,
666 2014 765 2061 quae
799 1994 1030 2056 extemplo
1062 1993 1109 2039 in
1142 2007 1278 2039 naves
1307 2007 1422 2037 one·-

133 2069 268 2117 rarias
303 2068 510 2131 imposita
530 2103 543 2124 ‚
580 2068 793 2131 miffaque
824 2067 870 2113 in
904 2066 1099 2113 Siciliam
1132 2076 1280 2123 erant,
1312 2063 1419 2110 οξῒο

134 2140 274 2188 millia
303 2140 548 2185 liberorum
573 2138 897 2200 servorumque
927 2136 1124 2199 capitum
1149 2135 1248 2180 sunt
1280 2145 1421 2197 capta.

134 2212 396 2260 Laetiffimus
422 2222 570 2258 tamen
595 2209 813 2256 Romanis
842 2209 889 2254 in
909 2207 1138 2271 principio
1170 2223 1318 2254 rerum
1344 2223 1421 2269 ge-

141 2284 383 2331 rendarum
424 2284 646 2330 adventus
675 2282 759 2328 fuit
788 2281 1033 2327 Mafiniffae.
1070 2297 1205 2344 quem
1236 2278 1418 2341 quidam

137 2374 242 2404 cum
260 2355 462 2403 ducentis
482 2355 600 2402 haud
616 2353 805 2417 amplius
824 2353 1050 2416 equitibus
1063 2389 1077 2410 ‚
1092 2351 1292 2414 plerique
1312 2367 1417 2397 cum

136 2430 276 2476 duum
309 2427 500 2480 millium
532 2427 736 2494 equitatu
770 2426 950 2474 tradunt
981 2424 1163 2478 venisse.
1199 2423 1418 2471 Ceterum
