1592 2724
270 178 813 227 HISTORIARUM
847 181 973 228 LIB.
1008 181 1207 229 XXXII.
1287 192 1381 247 291‘

97 305 254 354 ayone
297 290 448 337 datum
481 290 533 336 iis
565 289 626 336 est
662 287 920 336 concilium.
958 292 1062 335 Erat
1099 303 1247 337 autem
1283 308 1380 342 non

101 363 343 409 admodum
370 363 554 424 fimplex
574 361 751 408 habitus
768 360 1020 406 animorum
1042 361 1156 408 inter
1173 365 1381 413 Achaeos,

101 436 294 481 terrebat
317 452 395 480 eos
416 433 780 481 Lacedaemonius
795 467 810 489 ‚
846 432 992 495 gravis
1014 434 1063 479 &
1080 435 1267 482 affiduus
1291 438 1380 483 ho·-

101 507 174 554 stis
193 524 203 551 2
223 507 465 553 horrebant
489 507 691 551 Romana
716 521 862 550 arma:
888 506 1188 552 Macedonum
1213 507 1382 554 benefi-

104 580 186 627 ciis
207 583 254 627 &
272 579 498 625 veteribus
519 580 567 624 &
587 578 838 624 recentibus
859 578 1043 641 obligati
1063 593 1212 626 erant:
1230 597 1382 645 regem

103 653 245 715 ipsum
269 651 506 714 suspeEffim
537 651 755 698 habebant
774 668 857 713 pro
884 650 976 711 ejus
1000 652 1257 699 crudelitate
1277 671 1384 716 per-

101 723 296 787 fidiaque
317 741 327 770 ε
351 739 494 785 neque
517 739 572 769 ex
597 724 675 781 iis,
695 740 791 786 quae
813 739 905 769 tum
924 724 977 769 ad
996 735 1168 786 tempus
1189 726 1384 790 faceret,

103 797 370 843 aestimantes
388 831 399 852 ,
419 795 671 858 graviorem
700 795 797 856 post
818 795 982 842 bellum
1004 796 1237 843 dominum
1262 798 1384 845 futu-

103 886 203 916 rum
225 867 476 915 cernebant.
512 884 653 929 neque
683 867 850 924 solum,
874 867 982 929 quid
1013 867 1059 913 in
1091 866 1235 915 senatu
1265 871 1382 934 quis-

104 959 193 1006 que
214 943 407 988 civitatis
429 941 538 998 suae,
557 953 631 986 aut
652 941 695 986 in
717 941 1032 987 communibus
1051 943 1258 990 conciliis
1277 963 1386 1008 gen-

104 1015 162 1062 tis
191 1031 273 1076 pro
305 1013 516 1060 sententia
547 1013 772 1071 dicerent,
793 1013 1088 1076 ignorabant:
1112 1014 1183 1061 sed
1205 1033 1260 1062 ne
1280 1017 1385 1080 ipfis

104 1087 287 1151 quidem
312 1085 457 1132 secum
486 1085 788 1148 cogitantibus
803 1121 816 1143 ,
839 1085 948 1148 quid
968 1085 1161 1145 vellent,
1180 1102 1256 1134 aut
1275 1091 1387 1153 quid

105 1170 340 1221 optarent,
366 1157 463 1204 satis
496 1156 736 1204 constabat.
769 1156 838 1202 Ad
866 1156 1070 1204 homines
1097 1157 1156 1204 ita
1185 1159 1386 1208 incertos

105 1232 375 1280 introduffis
396 1232 549 1294 legatis
568 1232 758 1294 potestas
777 1230 953 1277 dicendi
971 1231 1080 1278 fa&a
1108 1232 1181 1280 est.
1211 1235 1386 1281 Roma-

105 1323 190 1354 nus
221 1306 416 1369 primum
449 1305 613 1366 legatus
649 1305 697 1350 L.
731 1303 1033 1365 Calpurnius,
1064 1304 1222 1351 deinde
1247 1307 1386 1356 Attali

68 1426 72 1430 ,
106 1381 223 1444 regis
246 1379 406 1442 legati,
434 1379 534 1440 post
557 1395 634 1424 eos
655 1378 822 1424 Rhodii
851 1377 1160 1425 disseruerunt.
1189 1381 1387 1444 Philippi

107 1453 266 1499 deinde
298 1450 449 1513 legatis
489 1450 664 1496 dicendi
697 1449 890 1512 potestas
921 1449 1031 1496 sada
1065 1451 1137 1497 est.
1171 1452 1386 1513 postremi

105 1525 418 1580 Athenienses,
438 1537 487 1571 ut
504 1524 755 1571 refellerent
775 1526 1073 1570 Macedonum
1095 1525 1227 1581 dina,
1246 1528 1388 1576 auditi

107 1600 222 1646 sunt.
252 1598 284 1644 Ii
316 1598 406 1644 fere
439 1598 708 1644 atrocissime
739 1597 783 1643 in
820 1614 996 1660 regem,
1026 1598 1127 1660 quia
1158 1600 1268 1646 nulli
1303 1618 1390 1649 nec

107 1672 232 1734 plura
249 1706 262 1728 ‚
281 1687 361 1717 nec
393 1682 482 1716 tam
510 1671 666 1718 acerba
688 1670 793 1732 paffi
814 1683 965 1727 erant,
989 1671 1155 1717 inveni
1185 1674 1296 1720 sunt.
1332 1678 1390 1722 Et

109 1746 184 1791 illa
212 1744 393 1808 quidem
427 1743 592 1790 concio
623 1743 699 1789 sub
730 1744 940 1790 occasum
974 1744 1105 1803 solis,
1124 1759 1193 1792 tot
1214 1747 1388 1809 Iegato-

110 1835 208 1865 rum
227 1817 449 1878 perpetuis
465 1817 749 1865 orationibus
767 1819 834 1865 die
852 1818 1078 1876 absumto,
1093 1819 1260 1865 dimissa
1278 1821 1356 1868 est.

176 1891 285 1937 XX.
311 1889 494 1936 Postero
522 1891 592 1937 die
611 1891 861 1938 advocatur
882 1892 1129 1938 concilium
1150 1910 1158 1937 :
1183 1893 1258 1938 ubi
1283 1911 1391 1941 cum

112 1980 190 2026 per
219 1979 473 2024 praeconern
493 1998 506 2018 ,
526 1963 634 2009 ficut
665 1963 834 2009 Graecis
861 1980 960 2010 mos
991 1964 1077 2020 est,
1100 1964 1337 2022 suadendi,
1357 1966 1392 2013 fi

109 2035 210 2097 quis
230 2034 392 2091 vellet,
411 2035 598 2095 potestas
622 2054 644 2082 a
665 2036 984 2099 magistratibus
1013 2036 1121 2082 saera
1152 2037 1257 2083 effet
1272 2074 1284 2095 ‚
1307 2056 1392 2087 nec

113 2105 344 2169 quisquam
375 2107 600 2168 prodiret3
623 2108 697 2154 diu
724 2110 942 2155 filentium
972 2110 1161 2155 aliorum
1185 2111 1296 2156 alios
1317 2111 1392 2156 in·-

112 2178 334 2226 tuentium
356 2178 454 2225 fuit.
485 2196 629 2242 neque
649 2182 805 2228 mirum
819 2219 831 2239 ‚
850 2183 880 2228 fi
894 2219 905 2238 ‚
925 2183 1084 2246 quibus
1110 2183 1179 2228 sua
1204 2183 1361 2245 sponte
1376 2218 1392 2241 ,

114 2251 424 2298 volutantibus
453 2269 519 2297 res
554 2253 669 2298 inter
696 2254 736 2300 se
766 2269 1032 2317 pugnantes,
1064 2256 1393 2316 obtorpuerant

115 2325 455 2387 quodammodo
484 2325 641 2381 animi,
661 2343 738 2372 eos
766 2328 991 2373 orationes
1011 2343 1196 2389 quoque
1217 2326 1395 2388 insuper

116 2396 427 2454 turbaverant,
448 2398 655 2461 utrinque
673 2417 771 2454 quae
796 2400 990 2446 difficilia
1011 2400 1164 2456 essent,
1182 2416 1396 2462 promen-

115 2469 177 2516 do
191 2469 589 2535 admonendoque,
604 2489 682 2534 per
701 2485 846 2520 totum
866 2473 982 2520 diem
997 2474 1172 2519 habitae.
1190 2475 1395 2522 Tandem

1046 2544 1144 2592 T2
