1592 2724
216 166 307 215 352
565 145 1128 195 T1T1L1V11

280 256 493 304 XXVIII.
528 255 655 303 Dum
684 255 890 300 Romana
919 269 1039 299 arma
1073 249 1326 314 propinqua
1359 248 1501 297 habe*

214 327 323 375 bant
342 365 356 387 ,
384 328 543 375 tollere
563 327 847 392 Brachyllam
862 362 875 385 ‚
898 324 1148 388 principem
1179 323 1408 371 fautorum
1427 332 1501 368 τεά

214 401 280 466 gis
294 439 310 460 ,
331 402 589 448 statuerunt.
621 403 671 448 δε
690 414 892 463 tempore
915 399 970 445 ad
985 415 1080 444 eam
1106 414 1201 444 rem
1222 410 1381 459 capto,
1396 411 1502 443 cum

215 475 262 522 in
294 474 484 538 publico
511 474 710 537 epulatus
740 483 1042 521 reverteretur
1066 471 1250 518 domum
1271 468 1504 516 tumulen-

214 561 286 596 tus
303 584 316 605 ,
350 548 722 611 prosequentibus
750 545 962 593 mollibus
989 544 1125 601 viris,
1156 542 1235 609 qui
1259 541 1352 605 joci
1373 540 1502 589 causa

217 622 444 683 convivio
463 619 629 667 celebri
646 618 964 673 interfuerant;
986 618 1042 665 ab
1060 618 1134 665 sex
1155 616 1361 672 armati3‚
1383 631 1503 679 quo-

216 706 318 739 rum
353 703 440 737 tres
467 691 635 749 Italici,
664 702 752 737 tres
772 689 957 737 AEtolici
984 702 1136 749 erant,
1163 690 1504 737 circumventus

217 763 457 811 occiditur.
491 766 607 827 Fuga
626 762 846 810 comitum
868 763 918 809 &
944 763 1175 826 quiritatio
1196 761 1306 809 festia
1320 799 1335 819 ‚
1361 764 1412 810 δέ
1430 773 1505 808 tu—

217 836 389 885 multus
423 848 522 883 tota
565 836 676 883 urbe
714 835 1057 884 discurrentium
1100 852 1201 882 cum
1242 834 1507 882 luminibus.

217 909 498 973 percussores
527 909 738 972 proxima
768 921 900 972 porta
926 907 1181 954 evaserunt.
1218 909 1334 953 Luce
1362 907 1507 970 prima

220 981 391 1030 concio
418 981 654 1046 frequens,
676 981 803 1029 velut
822 981 1020 1028 exstante
1051 981 1247 1038 indicio,
1265 980 1319 1027 ad
1342 997 1507 1028 vocem

220 1056 449 1119 praeconis
480 1068 736 1103 convocata
757 1055 803 1102 in
824 1055 1000 1101 theatro
1021 1066 1129 1101 erat.
1164 1053 1311 1100 Palam
1339 1055 1395 1100 ab
1426 1052 1507 1099 suo

221 1127 444 1176 comitatu
479 1128 528 1172 &
564 1126 793 1174 obscoenis
822 1127 909 1173 illis
940 1126 1049 1175 viris
1084 1124 1333 1171 fremebant
1367 1124 1509 1170 inter-

221 1199 414 1247 feRum:
448 1199 607 1247 animis
643 1213 789 1247 autem
817 1201 1103 1263 Zeuxippum
1133 1199 1358 1244 arciorem
1382 1196 1508 1243 desti-

223 1273 393 1320 nabant
425 1271 575 1320 caedis.
623 1275 672 1318 In
715 1272 948 1335 praesentia
983 1272 1149 1335 placuit
1186 1269 1510 1333 comprehendi

224 1361 332 1400 eos,
357 1344 435 1408 qui
457 1345 583 1391 fimul
604 1345 809 1402 fuissent,
839 1345 1224 1409 quaestionemque
1253 1360 1310 1390 ex
1334 1343 1400 1388 his
1427 1343 1511 1388 ha·-

227 1419 339 1467 beri.
378 1419 457 1484 qui
492 1420 597 1466 dum
639 1431 930 1483 quaeruntur,
960 1419 1250 1481 Zeuxippus,
1285 1415 1511 1464 consimili

225 1493 379 1540 animo
400 1492 632 1541 avertendi
652 1493 707 1539 ab
725 1492 776 1558 se:
795 1491 994 1539 criminis
1019 1491 1144 1538 causa
1167 1492 1210 1536 in
1237 1490 1512 1537 concionem

227 1567 511 1631 progressus,
543 1584 689 1613 errare
723 1566 783 1612 ait
806 1566 1012 1612 homines
1031 1601 1045 1623 ,
1076 1563 1154 1628 qui
1187 1576 1277 1610 tam
1312 1575 1514 1609 atrocem

229 1642 396 1688 caedem
423 1640 645 1703 pertinere
664 1639 719 1686 ad
736 1639 839 1686 illos
860 1638 1097 1685 semiviros
1120 1637 1380 1691 crederent3
1401 1635 1514 1681 mul-

228 1726 362 1777 taque
400 1714 446 1760 in
482 1730 581 1760 eam
619 1725 789 1775 partem
823 1706 1118 1776 probabiliter
1149 1720 1514 1773 argumentatus,

228 1787 392 1851 quibus
433 1785 566 1833 fidem
607 1786 723 1849 apud
758 1785 971 1850 quosdam
1013 1783 1148 1841 fecit,
1189 1799 1450 1844 nunquam,
1482 1779 1515 1826 si

230 1858 439 1906 conscius
466 1859 571 1907 esset
589 1894 602 1917 ‚
633 1858 893 1904 oblaturum
912 1857 954 1903 se
974 1854 1283 1911 multitudini,
1315 1853 1516 1899 mentio-

231 1948 395 1978 nemve
416 1931 549 1978 caedis
562 1967 576 1990 ‚
594 1930 724 1978 nullo
743 1930 1004 1987 lacessente,
1023 1927 1241 1974 faihrrum
1260 1925 1401 1972 fuiss'e.
1429 1923 1518 1972 Alii

230 2022 326 2052 non
350 2004 552 2051 dubitare
570 2041 584 2063 ‚
605 2004 792 2051 obviam
823 2003 973 2050 eundo
1005 2001 1289 2063 impudenter
1315 1998 1518 2046 criminis

231 2078 529 2141 suspicionem
549 2078 710 2124 averti.
742 2076 878 2124 Torti
896 2075 994 2138 post
1013 2074 1146 2137 paulo
1167 2072 1389 2127 insontes,
1415 2089 1516 2119 cum

232 2151 400 2199 scirent
432 2150 512 2213 ipsi
549 2149 818 2212 opinionem
854 2149 1093 2205 omnium,
1137 2164 1186 2193 ea
1224 2162 1310 2208 pro
1347 2144 1517 2191 indicio

234 2225 319 2281 ufi,
338 2224 622 2286 Zeuxippum
642 2224 692 2270 &
711 2222 978 2269 Pisistratum
1008 2221 1360 2267 nominaverunt
1379 2237 1389 2264 ε
1421 2217 1517 2263 nul·-

234 2297 284 2343 lo
318 2295 521 2357 adje&o‚
549 2311 627 2341 cur
658 2293 766 2341 scire
795 2293 1039 2356 quidquam
1067 2291 1358 2347 viderentur,
1385 2305 1515 2351 argu-

235 2382 408 2417 mento.
443 2356 703 2430 Zeuxippus
734 2380 882 2414 tamen
915 2383 1017 2413 cum
1038 2363 1294 2411 Stratonida
1323 2363 1520 2425 quodam

220 2442 372 2490 'nodie
412 2440 609 2505 perfugit
639 2440 890 2502 Tanagram
912 2473 926 2496 ,
963 2437 1081 2484 suam
1115 2434 1250 2500 magis
1284 2431 1522 2481 conscien-
