1592 2724
264 178 810 231 'HisToaiARuM
845 184 972 228 ΜΒ.
1011 153 1229 230 xxxiii.
1299 184 1392 246 367

102 292 311 341 omifi'um
335 291 570 339 consilium
605 289 678 336 est.
719 289 930 351 Cyprum
960 286 1255 332 nihilominus
1285 297 1391 331 ten-

104 366 213 412 dens
231 402 243 421 ‚
266 382 364 410 cum
384 361 709 410 Chelidonium
735 360 1107 422 promontorium
1130 359 1388 422 superasset,

104 438 328 502 paulisper
357 437 573 484 seditione
610 434 829 496 remigum
862 432 923 478 est
952 445 1151 479 retentus
1182 434 1228 478 in
1261 434 1392 479 Pam-

105 511 263 573 phylia
295 510 413 557 circa
442 508 829 572 Eurymedontem
863 522 1052 552 amnem.
1090 505 1196 551 Inde
1237 506 1393 567 profe-

108 585 225 629 &um
261 602 360 630 eum
395 584 450 630 ad
487 583 630 644 capita
668 580 799 645 (quae
832 577 1035 643 vocant)
1073 578 1168 624 Sari
1199 577 1395 624 fluminis

106 654 228 701 foel‘i
262 655 492 718 tempestas
522 656 685 701 oborta
712 668 855 715 prope
886 669 988 698 cum
1009 651 1136 696 omni
1170 650 1297 696 claffe
1320 651 1395 696 dc-

106 727 268 773 mersit.
305 726 458 772 multae
492 742 625 771 naves
646 723 822 785 ejec'oee:
855 723 1007 768 multae
1030 722 1089 767 ita
1116 720 1280 767 haustae
1302 739 1393 766 ma-

107 798 174 855 ri,
203 811 251 843 ut
270 813 406 844 nemo
439 797 484 842 in
509 809 670 843 terram
702 795 918 841 enaverit.
958 796 1123 857 Magna
1150 793 1218 839 vis
1245 793 1395 837 homi-

107 886 214 915 num
248 869 308 914 ibi
331 867 526 924 interiit,
551 884 644 913 non
669 867 885 928 remigum
909 877 1082 911 tantum
1108 864 1394 928 militumque

107 941 373 1004 ignotorum
393 976 406 998 ,
441 940 512 986 sed
547 939 678 986 etiam
709 938 944 1001 insignium
978 938 1246 986 amicorum.
1276 938 1395 984 Col-

107 1014 229 1060 leclis
260 1013 460 1077 reliquiis
490 1012 736 1076 naufragii,
769 1029 871 1058 cum
899 1029 967 1057 res
992 1028 1084 1056 non
1111 1011 1157 1057 in
1185 1027 1241 1056 eo
1266 1011 1399 1066 effer,

107 1099 157 1132 ut
173 1088 381 1151 Cyprum
397 1098 589 1133 tentaret
602 1122 615 1144 ‚
632 1086 778 1132 minus
799 1085 1021 1147 opulento
1045 1084 1243 1147 agmine,
1261 1101 1398 1147 quam

108 1160 334 1221 profe-clus
362 1172 478 1217 erat,
508 1159 755 1205 Seleuciam
784 1158 911 1204 redit.
950 1157 1010 1203 ibi
1044 1157 1229 1203 subduci
1261 1158 1397 1202 navi—

110 1231 193 1277 bus
220 1229 340 1292 jussis
363 1229 481 1292 (jam
502 1230 620 1275 enim
640 1231 687 1276 δέ
707 1229 846 1275 hiems
877 1227 1099 1291 instabat)
1137 1227 1227 1290 ipse
1259 1227 1302 1273 in
1327 1228 1399 1272 hi-

110 1303 249 1350 berna
287 1302 579 1351 Antiochiam
613 1302 835 1366 proceffit.
878 1305 928 1349 In
965 1303 1055 1349 hoc
1093 1300 1209 1348 statu
1243 1317 1397 1364 regum

110 1390 235 1423 erant
264 1394 347 1424 res.

177 1451 312 1495 XLlI.
343 1450 502 1495 Romae
524 1466 580 1495 eo
610 1449 804 1511 primum
828 1465 950 1494 anno
982 1447 1208 1495 triumviri
1236 1447 1397 1510 epulo*

111 1537 191 1567 nes
225 1520 357 1579 facii,
394 1522 447 1568 C,
482 1521 680 1568 Licinius
712 1520 923 1567 Lucullus
954 1520 1187 1577 tribunus,
1220 1519 1297 1581 qui
1333 1519 1398 1563 le·

111 1610 212 1657 gem
233 1594 286 1640 de
308 1595 510 1642 creandis
531 1595 600 1640 his
618 1595 805 1652 tulerat,
834 1595 880 1640 P.
903 1593 1125 1651 Manlius,
1152 1595 1201 1641 &
1223 1595 1267 1639 P.
1285 1594 1398 1638 Por-

113 1666 212 1712 cius
241 1668 380 1713 Laeca.
421 1666 489 1712 his
523 1665 775 1712 triumviris
798 1701 811 1723 ‚
848 1665 955 1711 item
995 1678 1046 1711 ut
1075 1663 1399 1727 pontificibus,

114 1738 213 1802 lege
248 1741 399 1786 datum
428 1752 547 1803 togae
580 1750 810 1802 praetextae
845 1738 1058 1784 habendae
1085 1738 1169 1800 jus.
1205 1739 1289 1784 Sed
1310 1755 1403 1784 ma-

116 1829 255 1875 gnum
277 1825 501 1860 certamen
521 1830 622 1860 cum
643 1811 854 1858 omnibus
876 1811 1178 1858 sacerdotibus
1202 1828 1257 1857 eo
1281 1828 1404 1858 anno

117 1885 205 1933 fuit
235 1885 529 1948 quaestoribus
561 1884 742 1931 urbanis
759 1919 771 1941 ,
797 1885 859 1943 Q.
885 1884 1023 1931 Fabio
1052 1884 1253 1931 Labeoni
1286 1885 1336 1931 δι’
1359 1886 1407 1931 L.

118 1956 320 2004 Aurelio.
357 1956 550 2003 Pecunia
580 1972 694 2018 opus
722 1968 840 2011 erat,
862 1956 986 2018 quod
1008 1954 1207 2001 ultimam
1231 1953 1408 2016 pension

118 2046 221 2077 nem
250 2029 450 2090 pecuniae
479 2029 525 2074 in
552 2029 715 2075 bellum
743 2028 919 2075 collatae
941 2028 1201 2092 persolvere
1232 2027 1408 2090 placue-

119 2115 188 2149 rat
220 2102 418 2164 privatis.
470 2103 730 2161 Quaestores
755 2104 810 2149 ab
837 2104 1079 2166 auguribus
1099 2100 1413 2165 pontificibus«

119 2192 208 2238 que
223 2211 235 2231 ‚
256 2176 383 2236 quod
403 2175 666 2236 stipendium
688 2193 766 2237 per
786 2177 951 2222 bellum
974 2194 1067 2222 non
1092 2175 1405 2231 contulissent,

120 2248 345 2311 petebant.
374 2248 430 2293 ab
461 2247 765 2295 sacerdoribus
798 2248 966 2294 tribuni
993 2248 1295 2309 nequidquam
1330 2263 1411 2306 apo

119 2321 300 2387 pellati‚
335 2321 631 2382 omniumque
660 2339 909 2375 annorum,
943 2338 1021 2382 per
1049 2338 1166 2383 quos
1199 2335 1289 2365 non
1332 2324 1412 2366 de-

122 2394 303 2449 derant,
323 2393 526 2440 exafflum
547 2393 621 2439 est.
650 2394 821 2439 Eodem
845 2408 965 2438 anno
987 2392 1075 2437 cluo
1098 2391 1268 2437 mortui
1294 2408 1411 2452 pon-

120 2463 290 2523 tifices,
319 2464 524 2529 novique
544 2465 592 2512 in
620 2481 778 2513 eorum
799 2465 954 2514 locum
975 2463 1165 2523 stiffeffi,
1188 2463 1252 2510 M.
1286 2464 1410 2517 Mare
