1592 2724
217 139 310 201 346
577 137 1140 184 T1T1L1V11

212 246 272 293 ris
290 264 314 292 a
335 247 398 293 M.
416 245 573 309 Sergio
593 258 786 308 praetore
800 280 813 303 ‚
833 243 958 305 cujus
976 242 1219 304 jurisdiffio
1238 243 1355 291 inter
1373 242 1497 292 cives

213 332 335 377 erat,
369 318 589 375 recitatis,
628 318 928 365 decreverunt
966 318 1115 363 Patres
1135 351 1149 374 ‚
1188 328 1266 374 ut,
1300 317 1495 363 comitiis

213 404 459 456 praetorum
478 390 708 455 perfeetis‚
729 391 801 438 cui
824 390 1008 454 praetori
1030 389 1269 452 provincia
1290 389 1498 452 Hispania

212 466 465 513 obvenisset
481 502 494 524 ,
514 466 550 511 is
570 463 717 527 primo
737 481 924 527 quoque
956 476 1161 525 tempore
1188 462 1244 508 de
1272 461 1394 508 bello
1413 463 1497 508 Hi-

212 537 375 601 spaniae
409 538 464 584 ad
488 537 685 584 senatum
711 536 911 585 referret.

276 613 422 658 XXII.
451 611 540 656 Sub
571 609 689 656 idem
712 626 887 672 tempus
908 609 1114 657 consules
1137 610 1332 656 Romam
1355 624 1500 655 vene-0

212 697 333 731 runt.
366 683 532 746 quibus
559 682 607 728 in
627 682 720 728 aede
748 682 949 728 Bellonae
976 680 1176 728 senatum
1204 680 1497 738 habentibus,

210 755 630 820 postulantibusque
650 755 931 817 triumphum
955 754 1018 801 ob
1046 770 1115 800 res
1142 753 1354 817 prospere
1373 754 1498 801 bello

211 830 348 894 gestas
362 867 375 888 ‚
396 831 450 877 C.
472 829 649 877 Atinius
669 829 821 876 Labeo
845 830 893 876 ὅ(
911 829 964 875 C.
984 826 1201 876 Ursanius
1217 827 1386 875 tribuni
1406 826 1499 889 ple-

212 903 307 960 bis,
341 915 390 949 ut
423 902 656 966 separatim
688 903 741 948 de
775 901 1006 964 triumpho
1048 912 1230 964 agerent
1265 899 1499 959 consules,

212 977 509 1041 postularunt.
554 996 806 1023 communem
826 979 876 1038 fi
908 978 1145 1022 relationem
1177 978 1228 1020 de
1257 994 1304 1020 ea
1339 993 1378 1020 re
1401 975 1500 1033 fieri

211 1049 497 1114 nonpasfizros
509 1088 522 1109 ,
537 1071 585 1097 ne
595 1072 681 1112 par
696 1054 827 1097 lzotzos
843 1053 888 1095 in
904 1051 1066 1111 dispari
1086 1053 1230 1095 merito
1245 1047 1351 1112 effic.
1367 1049 1504 1095 Cum·

211 1140 299 1187 que
325 1124 557 1171 Minucius
587 1124 765 1186 utrique
786 1122 1076 1186 provinciam
1106 1122 1276 1169 Italiam
1295 1119 1500 1185 obtigiss‘e

210 1197 379 1244 diCeret
393 1234 406 1253 ‚
424 1198 657 1244 communi
674 1197 828 1244 animo
848 1195 1131 1257 consilioque
1149 1194 1191 1242 se
1210 1197 1261 1242 &
1278 1194 1500 1258 collegam

212 1287 280 1316 res
310 1270 475 1334 geffiss'e
491 1288 503 1326 ;
521 1270 765 1317 Cornelius
791 1269 1002 1331 adjiceret
1020 1305 1034 1324 ‚
1056 1266 1194 1328 Bojos
1224 1266 1438 1314 adversus
1457 1266 1501 1313 se

214 1343 585 1408 transgredientes
616 1345 808 1401 Padum,
830 1356 880 1390 ut
908 1341 1165 1389 Insubribus
1197 1339 1501 1388 Cenomanis-

212 1433 302 1478 que
322 1416 495 1463 auxilio
514 1417 650 1464 effent
664 1454 676 1474 ‚
703 1415 1008 1480 depopulante
1033 1413 1162 1462 vicos
1184 1430 1344 1461 eorum
1365 1424 1501 1476 atque

213 1507 344 1554 agros
375 1489 549 1554 collega
563 1526 578 1548 ,
597 1490 650 1536 ad
677 1489 750 1536 sua
770 1488 932 1536 tuenda
954 1487 1137 1534 aversos
1163 1487 1281 1543 effe3
1302 1485 1501 1532 Tribuni

215 1582 273 1610 res
300 1581 442 1610 tantas
462 1568 565 1610 bello
583 1563 734 1628 geffiſj}
759 1566 991 1610 Cornelium
1013 1559 1170 1617 fateri,
1194 1576 1240 1607 ut
1259 1579 1346 1606 non
1362 1563 1502 1621 magis

214 1643 260 1684 de
285 1642 492 1700 triumpho
511 1639 628 1696 ejus,
657 1657 781 1699 quam
800 1641 850 1684 de
879 1640 1029 1682 honore
1056 1638 1165 1681 Diis
1196 1636 1503 1682 immortalibus

215 1714 401 1757 babendo
436 1713 622 1756 dubitari
652 1711 790 1773 postia
829 1712 934 1755 Notz
967 1725 1105 1754 tamen
1138 1726 1210 1753 nec
1248 1711 1396 1763 illum,
1428 1724 1501 1750 nec

212 1804 440 1846 quenquam
464 1788 596 1830 alium
627 1780 754 1828 civem
773 1799 935 1827 tantum
951 1782 1092 1842 gratia
1112 1796 1231 1839 atque
1256 1779 1403 1838 opibus
1420 1796 1500 1821 va·-

214 1858 350 1922 lusse,
374 1876 442 1917 ut,
467 1877 557 1905 cum
569 1858 741 1923 sibimet
767 1858 1019 1917 triumphum
1049 1848 1316 1916 impetraffit,
1341 1856 1503 1913 collegae

213 1933 383 1986 eundem
417 1933 609 1976 honorem
636 1930 893 1987 impudenter
913 1928 1069 1986 petenti
1099 1926 1226 1968 darec.
1259 1923 1318 1983 Q
1346 1923 1501 1967 Minu-

214 2004 321 2046 cium
336 2005 382 2047 in
394 2003 616 2063 Liguribus
636 2002 741 2046 levia
753 2003 929 2061 praelia,
947 2001 1026 2044 vix
1044 1999 1176 2058 digna
1192 1995 1321 2053 diflu,
1330 1993 1502 2057 feciffi:

213 2076 260 2119 in
286 2074 434 2120 Gallia
452 2092 650 2136 magnum
671 2091 884 2120 numerum
904 2072 1088 2118 militum
1113 2065 1303 2132 amififfi.
1331 2066 1500 2114 Nomi-

214 2146 380 2205 nabant
396 2147 528 2194 etiam
546 2147 755 2193 tribunos
775 2145 969 2192 militum
988 2146 1044 2192 T.
1067 2140 1354 2197 Iuventium,
1373 2141 1424 2187 &
1442 2140 1498 2186 C.

214 2220 472 2265 Labeonem
504 2217 599 2280 ejus
631 2217 844 2275 fratrem,
874 2217 953 2280 qui
993 2212 1179 2262 adversa
1210 2228 1360 2275 pugna
1393 2227 1499 2256 cum

215 2292 365 2339 multis
391 2291 486 2339 aliis
514 2291 627 2339 viris
658 2290 875 2348 fortibus,
901 2288 1078 2338 civibus
1113 2303 1165 2334 ac
1196 2284 1329 2332 sociis
1346 2317 1359 2340 ‚
1377 2283 1499 2329 ceci-

214 2364 386 2411 dissent.
427 2366 689 2426 Oppidomm
710 2381 941 2426 paucorum
971 2380 1021 2407 αε
1049 2364 1230 2406 vicorum
1254 2358 1424 2418 falsas,
1455 2354 1501 2401 &-

216 2442 259 2485 in
278 2441 669 2504 tempussr'mulatas
685 2439 800 2504 ‚stne
820 2442 904 2485 ullo
920 2441 1094 2500 pignore
1115 2437 1341 2481 deditiones
1353 2430 1498 2491 faflas
