1592 2724
228 168 352 216 TITI
380 170 517 217 LIVII
538 169 881 219 HISTORIAR.
906 172 1007 219 LIB.
1030 171 1246 220 XXXIII.
1314 186 1399 234 321

134 416 165 462 Ι.
202 353 408 467 HAEC
444 435 522 480 per
552 418 743 464 hiemem
778 414 906 482 gesta.
944 415 1080 464 Initio
1114 429 1261 465 autem
1288 421 1407 470 veris

133 488 371 548 Quinctius
389 525 403 548 ‚
432 490 582 536 Attalo
602 489 785 536 Elatiam
804 489 961 536 excito
976 524 990 546 ‚
1014 489 1281 536 Boeotorum
1301 509 1408 554 gen-

132 572 222 607 tem
239 596 252 618 ,
284 561 463 609 incertis
485 562 538 608 ad
560 578 655 609 eam
683 562 798 609 diem
825 562 981 611 animis
1011 560 1291 608 fluctuantem
1307 600 1319 621 ,
1341 567 1409 612 di-

135 633 272 679 tionis
292 633 378 679 suae
397 633 541 680 facere
561 634 747 696 cupiens
764 670 778 692 ,
805 633 1030 697 profeEtus
1049 650 1126 695 per
1142 635 1409 697 Phocidem,

135 703 334 767 quinque
353 704 490 751 millia
507 707 563 750 ab
582 705 750 751 Thebis
764 740 777 762 ‚
798 706 924 767 quod
952 718 1085 767 caput
1109 705 1170 752 est
1188 706 1378 755 Boeotiae
1389 745 1410 767 ,

135 774 286 836 posuit
309 774 457 821 castra.
492 775 598 821 Inde
618 774 798 837 postero
823 776 891 823 elie
920 795 1019 823 cum
1041 777 1172 824 unius
1198 779 1305 842 figni
1327 782 1410 827 mi-

136 846 316 906 litibus,
351 849 400 895 &
425 848 604 905 Attalo,
634 847 1017 911 legationibusque
1035 885 1048 904 ,
1077 865 1177 911 quae
1202 849 1411 915 frequen-

135 929 201 965 tes
222 920 420 983 undique
439 931 775 976 convenerant,
794 920 935 983 pergit
956 920 1017 966 ire
1039 921 1092 967 ad
1114 921 1267 968 urbem
1281 958 1294 978 ,
1319 922 1412 984 jus-

137 992 191 1040 ᾖε
217 993 405 1056 legionis
438 992 612 1039 hastatis
641 992 724 1054 (ea
748 993 839 1038 duo
870 993 1008 1040 millia
1030 994 1222 1042 militum
1252 998 1411 1061 erant)

137 1065 262 1128 sequi
282 1066 349 1121 se,
369 1065 487 1112 mille
507 1065 702 1127 passuum
726 1065 969 1112 intervallo
991 1066 1207 1114 distantes.
1233 1070 1300 1114 Ad
1321 1087 1416 1116 me-

137 1139 262 1179 dium
296 1139 432 1178 terme
456 1139 545 1177 viae
565 1139 832 1185 Boeotorum
855 1151 1022 1201 praetor
1040 1140 1294 1203 Antiphilus
1325 1143 1416 1189 ob·-

139 1204 243 1251 vius
272 1202 376 1249 fuit:
408 1214 553 1249 cetera
583 1203 823 1249 multitudo
850 1219 873 1248 e
898 1210 1034 1248 muris
1064 1211 1333 1251 adventum
1326 1224 1414 1252 im-

141 1276 360 1341 peratoris
398 1275 595 1321 Romani
629 1274 828 1338 regisque
866 1274 1272 1337 prospeculabatur.
1320 1295 1416 1326 rara

143 1366 262 1398 arma
283 1347 501 1410 paucique
520 1346 681 1392 milites
702 1346 818 1393 circa
843 1362 920 1393 eos
947 1346 1241 1408 apparebant:
1277 1349 1419 1396 hasta·-

142 1435 244 1479 tos‚
271 1421 497 1483 sequentes
526 1420 717 1482 procul,
747 1419 966 1466 anfractus
986 1421 1161 1467 viarum
1192 1423 1420 1486 vallesque

144 1493 382 1556 interjeElae
403 1493 681 1540 occulebant.
706 1494 821 1539 Cum
842 1492 926 1553 jam
945 1493 1326 1555 appropinquaret
1345 1513 1420 1542 ur-

145 1567 192 1615 bi
212 1603 225 1624 ‚
260 1566 387 1613 velut
426 1565 613 1610 obviam
646 1564 944 1626 egredientem
977 1565 1149 1610 turbam
1182 1565 1386 1613 salutaret
1406 1604 1423 1627 ‚

148 1639 315 1686 tardius
334 1637 581 1683 incedebat.
610 1635 750 1682 Causa
773 1649 865 1683 erat
886 1653 1050 1694 morae,
1069 1649 1117 1682 ut
1139 1638 1288 1684 hastati
1309 1657 1424 1686 con-

150 1713 450 1774 sequerentur.
485 1709 751 1771 Oppidani,
783 1724 884 1755 ante
914 1710 1116 1755 lictorem
1147 1712 1274 1758 turba
1306 1715 1425 1773 afta,

150 1785 394 1832 insecutum
426 1782 660 1829 confestim
689 1800 843 1846 agmen
878 1795 1148 1831 armatorum
1174 1802 1270 1831 non
1299 1801 1427 1845 ante,

151 1873 285 1918 quam
307 1854 360 1900 ad
386 1853 626 1915 hospitium
656 1854 936 1916 imperatoris
971 1866 1160 1901 ventum
1189 1856 1279 1914 est,
1314 1874 1428 1904 con-

152 1927 345 1989 spexere.
383 1927 503 1972 Tum
521 1960 533 1982 ‚
566 1925 688 1972 velut
720 1924 895 1987 prodita
925 1924 1035 1971 dolo
1062 1926 1283 1988 Antiphili
1313 1946 1427 1990 prae·-

153 2000 265 2047 toris
297 1999 404 2045 urbe
437 2011 681 2062 captaque,
717 1998 1044 2061 obstupuerunt
1074 2015 1244 2047 omnes.
1283 2004 1336 2048 Et
1354 2019 1430 2065 ap-

155 2072 337 2135 parebat
354 2106 368 2128 ,
390 2070 499 2116 nihil
519 2070 667 2117 liberae
688 2070 1027 2118 consultationis
1049 2073 1274 2132 concilio,
1305 2074 1431 2136 quod

154 2145 203 2192 in
239 2144 354 2190 diem
378 2144 604 2206 posterum
626 2144 839 2190 indictum
870 2158 961 2191 erat
984 2147 1159 2193 Boeotis
1177 2183 1193 2204 ,
1217 2149 1431 2197 relictum.

155 2220 388 2266 Texerunt
409 2215 615 2261 dolorem
637 2251 652 2273 ‚
682 2233 815 2278 quem
839 2218 888 2263 &
920 2219 1220 2282 nequidquam
1235 2255 1250 2279 ,
1271 2222 1318 2268 &
1337 2237 1432 2267 non

155 2291 246 2337 sme
273 2288 472 2352 periculo
505 2288 803 2338 ostendiffent.

224 2364 274 2408 11.
309 2364 357 2406 In
387 2359 588 2407 concilio
623 2361 797 2406 Attalus
829 2362 997 2423 primus
1022 2362 1155 2411 verba
1183 2363 1302 2412 feci.t
1339 2367 1432 2410 Or·-

159 2434 227 2482 sus
253 2451 277 2479 a
301 2431 518 2492 majorum
547 2432 728 2480 suorum
757 2433 960 2499 suisque,
986 2437 1035 2485 &
1057 2437 1399 2485 communibus
1390 2455 1436 2493 m

233 2509 284 2556 T.
310 2508 428 2553 Livii
462 2511 561 2553 V.0l
588 2512 643 2555 V.
1141 2508 1188 2553 X
