1592 2724
174 120 303 193 28*
547 143 1122 194 T1T1L1v11

171 267 295 299 nunc
312 268 414 299 cum
429 251 641 300 velitibus
659 250 923 314 auxiliisque
941 251 1141 313 peditum
1158 251 1321 315 proelia
1340 267 1451 299 con-

171 323 399 383 sererent,
436 325 795 388 supervenerunt
833 324 1049 389 legiones.
1102 326 1205 372 lnde
1237 343 1332 373 non
1364 324 1459 386 jam‘

170 412 319 459 pugna
338 433 352 455 ,
383 398 456 444 sed
491 398 733 445 trucidatio
765 397 892 445 velut
919 414 1136 459 pecorum
1158 396 1281 454 fieri;
1306 397 1454 446 donec

170 464 264 530 ipse
291 469 385 514 dux
416 469 532 532 fugae
557 470 710 516 austor
736 469 780 515 in
809 469 1047 533 proximos
1074 469 1214 516 colles
1248 486 1350 516 cum
1379 467 1455 514 sex

173 540 372 588 millibus
407 541 545 589 ferme
575 543 870 590 semiermium
893 542 1058 590 evadit.
1091 542 1229 590 ceteri
1256 542 1355 589 caefi
1384 549 1458 589 ca-'
1488 582 1494 586 .

169 613 341 676 ptique.
377 614 514 662 castra
533 616 819 663 tumultuaria
840 616 995 678 raptim
1015 616 1146 662 Poeni
1166 616 1346 662 tumulo
1363 615 1458 662 edi-

171 683 338 731 tiffimo
362 689 751 735 communierunt:
777 701 912 752 atque
933 688 1065 745 inde,
1095 705 1197 735 cum
1219 687 1356 734 hostis
1376 704 1457 734 ne-

173 758 422 821 quidquam
443 761 586 807 subire
605 761 764 825 iniquo
781 760 961 813 ascensu
982 773 1170 808 conatus
1187 761 1317 820 esset,
1338 760 1457 806 haud

172 828 412 877 difficulter
432 832 518 880 sese
539 834 671 880 tutati
690 833 803 880 sunt.
830 835 915 880 Sed
936 833 1111 881 obfidio
1132 835 1179 880 in
1200 834 1308 882 loeo
1332 833 1456 880 nudo

172 914 306 966 atque
333 904 463 967 inopi
486 907 566 953 vix
585 906 631 952 in
658 923 829 970 paucos
847 907 938 953 dies
966 906 1214 953 tolerabilis
1237 918 1344 954 erat.
1374 907 1455 952 ita·

175 991 262 1037 que
291 978 573 1026 transitiones
603 980 656 1025 ad
683 979 859 1026 hostem
890 978 1069 1027 fiebant.
1101 980 1333 1026 Postremo
1365 981 1460 1026 dux

173 1044 296 1106 ipse,
334 1048 526 1095 navibus
560 1050 784 1112 acceptis,
820 1049 934 1113 (nec
969 1050 1134 1113 procul
1169 1049 1273 1105 inde
1306 1051 1459 1097 aberat

174 1119 326 1184 mare)
350 1122 481 1167 nocie
508 1122 663 1171 relicto
694 1124 920 1181 exercitu,
946 1125 1095 1170 Gades
1114 1123 1322 1188 perfugit.
1362 1124 1458 1172 Sci-

176 1191 285 1254 piO,
321 1193 423 1258 fuga
455 1194 579 1240 ducis
601 1195 796 1242 hostium
818 1196 964 1242 audita
982 1233 996 1254 ‚
1028 1197 1180 1244 decem
1212 1197 1351 1244 millia
1379 1215 1457 1259 pe·

175 1262 343 1319 ditum,
374 1267 497 1314 mille
526 1269 697 1331 equites
727 1269 942 1333 relinquit
962 1270 1116 1317 Silano
1136 1271 1191 1316 ad
1210 1270 1458 1318 castrorum

175 1334 474 1386 obsidionem.
510 1338 601 1401 ipse
626 1357 727 1388 cum
756 1342 913 1387 ceteris
935 1340 1108 1404 copiis,
1134 1340 1460 1404 septuagesimis

177 1408 360 1468 castris,
398 1411 606 1474 protinus
653 1412 792 1459 caulis
828 1414 1085 1476 regulorum
1133 1413 1460 1476 civitatumque

176 1482 504 1543 cognoscendis
518 1520 533 1543 ,
552 1499 601 1531 ut
617 1486 798 1548 praemia
818 1486 873 1532 ad
892 1504 1043 1534 veram
1063 1488 1326 1534 meritorum
1348 1487 1460 1533 aesti-

177 1553 427 1603 mationem
451 1557 589 1604 tribui
610 1558 812 1620 possent,
840 1559 1147 1606 Tarraconem
1174 1558 1319 1606 rediit.
1355 1558 1460 1605 Post

176 1627 508 1688 profeElionem
533 1631 628 1693 ejus
649 1631 868 1679 Mafiniffa
882 1668 896 1690 ,
916 1649 1020 1680 cum
1039 1632 1193 1679 Silano
1219 1632 1331 1680 clam
1348 1649 1463 1680 con-

178 1701 340 1761 gressus
358 1738 372 1761 ,
404 1720 453 1751 ut
481 1705 537 1753 ad
561 1722 689 1754 nova
713 1706 899 1753 consilia
926 1718 1104 1770 gentem
1128 1722 1312 1770 quoque.
1340 1705 1462 1753 suam

178 1772 465 1823 obedientem
500 1778 716 1837 haberet,
748 1796 850 1827 cum
890 1779 1045 1842 paucis
1078 1779 1374 1842 popularibus
1412 1779 1461 1824 in

180 1847 375 1896 Africam
402 1852 600 1913 trajecit3
636 1870 732 1900 non
750 1865 842 1900 tam
868 1852 1070 1900 evidenti
1088 1869 1145 1899 eo
1168 1865 1372 1916 tempore
1392 1851 1461 1898 su-

180 1920 285 1968 bitae
314 1927 579 1974 mutationis
611 1927 769 1985 causa,
794 1944 935 1990 quam
967 1926 1245 1973 documento
1278 1926 1381 1988 post
1415 1925 1462 1971 id

180 2005 356 2059 tempus
386 2001 743 2046 constantiffimae
771 2000 827 2046 ad
856 1999 1058 2046 ultimam
1085 1998 1301 2046 senectam
1329 1997 1460 2057 fidei,

177 2085 237 2115 ne
272 2082 366 2118 tum
404 2073 583 2137 quidem
618 2091 720 2121 eum
757 2074 847 2120 fine
879 2073 1104 2135 probabili
1141 2072 1268 2120 causa
1299 2072 1462 2120 fecisse.

178 2141 317 2206 Mago
349 2146 480 2203 inde,
512 2146 695 2193 remiffis
726 2147 781 2192 ab
802 2145 1077 2193 Hasdrubale
1111 2146 1331 2203 navibus,
1364 2148 1461 2191 Ga-

179 2214 256 2262 des
289 2219 413 2280 petit.
451 2219 629 2276 Ceteri,
666 2218 824 2265 deserti
852 2218 907 2265 ab
932 2219 1146 2276 ducibus,
1177 2236 1277 2282 pars
1301 2217 1460 2265 transi-

179 2292 336 2353 tione,
367 2310 466 2356 pars
502 2292 632 2356 fuga,
666 2291 853 2355 diffipati
885 2309 969 2355 per
994 2293 1226 2356 proximas
1259 2291 1464 2338 civitates

181 2365 308 2413 sunt:
337 2367 456 2413 nulla
474 2384 630 2415 manus
651 2384 840 2414 numero
859 2379 934 2413 aut
950 2366 1123 2413 viribus
1142 2363 1335 2428 infignis.
1357 2365 1463 2411 Hoc

182 2439 376 2488 maxime
403 2440 577 2502 modo,
607 2441 740 2488 duem
767 2452 902 2505 atque
921 2438 1119 2504 auspicio
1147 2439 1194 2487 P.
1208 2436 1464 2502 ScipioniS‚
