1592 2724
231 163 321 212 3372
582 140 1148 190 TITILIVII

227 258 348 304 Idem
383 268 468 318 pro
499 252 648 299 nihilo
675 251 846 298 habuit.
881 267 982 296 nam
1008 250 1058 296 &
1079 245 1276 295 adversae
1309 244 1517 295 faelionis

222 343 322 376 erat
337 346 348 373 e
366 331 437 386 &,
455 325 557 389 quia
577 342 634 371 ex
652 323 873 387 quaestura
891 322 936 368 in
953 321 1143 383 judices,
1158 322 1516 384 potentiffimum

226 402 435 450 ordinem
450 436 464 459 ,
481 397 811 455 referebantur,
830 396 915 457 jam
938 412 1023 457 pro
1045 393 1206 441 futuris
1224 408 1331 440 mox
1351 393 1516 456 opibus

224 473 404 522 animos
423 470 614 534 gerebat.
643 467 896 514 Enimvero
918 466 1152 529 indignum
1175 465 1221 511 id
1247 477 1368 511 ratus
1388 466 1517 511 Han—

224 547 380 604 nibal,
410 546 636 591 viatorem
656 543 714 588 ad
742 542 1108 605 prehendendum
1131 539 1396 604 quaestorem
1427 539 1516 585 mi-

224 622 280 670 sit
301 640 310 668 :
332 618 684 679 subduElumque
713 615 759 660 in
790 615 1060 662 concionem
1078 650 1092 672 ,
1123 631 1218 661 non
1248 614 1390 675 ipsum
1419 629 1516 658 ma-

225 696 296 758 gis
311 730 326 750 ‚
347 708 480 755 quam
505 689 712 736 ordinem
731 686 954 749 judicum,
974 705 1066 750 prae
1085 703 1284 749 quorum
1314 685 1516 749 superbia

224 780 362 830 atque
378 764 544 827 opibus
565 777 648 808 nec
670 761 789 823 leges
812 760 1056 822 quidquam
1078 759 1215 804 effent
1230 793 1243 813 ,
1265 775 1348 805 nec
1371 758 1516 821 magi-

226 838 410 894 stratus,
436 832 679 882 accusavit.
721 834 795 890 &,
829 843 881 878 ut
917 829 1122 877 secundis
1154 831 1336 877 auribus
1369 829 1515 893 accipi

224 912 486 959 orationem
517 907 870 962 animadvertit,
890 907 942 953 &
966 904 1228 950 infimorum
1249 921 1432 967 quoque
1458 906 1517 950 Ii-

223 985 390 1037 bertati
432 1000 615 1048 gravem
651 981 735 1027 effe
769 979 1021 1043 superbiam
1049 995 1232 1034 eorum,
1267 977 1410 1040 legem
1440 994 1519 1023 ex-

225 1061 402 1123 templo
440 1053 776 1121 promulgavit,
806 1053 1111 1115 pertulitque,
1150 1056 1214 1097 Ut
1248 1053 1295 1096 in
1318 1051 1518 1117 singulos

224 1152 366 1182 annos
386 1134 549 1189 judices
575 1134 816 1193 legerentur,
845 1146 894 1173 nc
915 1130 1007 1187 quis
1035 1127 1247 1171 biennium
1274 1128 1517 1170 continuum

222 1208 362 1265 judex
391 1204 491 1268 eſjst.
525 1204 739 1248 Ceterum
774 1209 986 1261 quantam
1021 1213 1078 1243 eo
1106 1195 1225 1241 faelo
1256 1195 1310 1241 ad
1338 1195 1516 1257 plebem

225 1279 390 1326 inierat
423 1275 638 1340 gratiam,
672 1284 846 1319 tantum
883 1286 1056 1332 magna:
1089 1268 1226 1332 partis
1261 1267 1517 1330 principum

225 1350 488 1398 offendebat
517 1347 708 1394 animos.
740 1344 916 1406 Adjecit
937 1343 1085 1401 aliud,
1106 1342 1252 1405 quod,
1281 1343 1409 1388 bono
1430 1359 1516 1405 pu-

228 1424 382 1480 blico,
416 1420 496 1468 fibi
527 1419 732 1483 proprias
765 1416 1005 1463 simultates
1036 1414 1244 1461 irritavit.
1273 1414 1518 1477 Veffigalia

226 1499 411 1562 publica
455 1495 618 1558 partim
664 1491 931 1556 negligentia
973 1490 1316 1544 dilabebantur3
1355 1488 1518 1551 partim

228 1571 391 1637 praedae
409 1588 459 1616 ac
481 1567 643 1614 divisui
670 1565 921 1629 principum
944 1562 1203 1627 quibusdam
1221 1563 1271 1608 δε
1290 1561 1518 1623 magistra·

228 1647 349 1692 tibus
377 1654 537 1690 erant:
567 1638 676 1704 quin
709 1641 758 1685 &
788 1636 1005 1701 pecunia,
1033 1653 1133 1698 quae
1166 1635 1212 1681 in
1248 1634 1517 1697 stipendium

225 1716 448 1766 Romanis
476 1714 555 1760 suo
582 1728 767 1775 quoque
788 1725 910 1756 anno
929 1709 1196 1771 penderetur
1211 1743 1224 1765 ,
1242 1708 1392 1754 deerat
1405 1743 1419 1766 ,
1437 1707 1519 1754 tri-

228 1791 478 1851 butumque
497 1802 632 1850 grave
658 1784 846 1845 privatis
868 1781 1100 1827 imminere
1119 1780 1370 1826 videbatur.

295 1864 478 1909 XLVH.
517 1857 743 1906 Hannibal
780 1854 1046 1919 postquam,
1083 1850 1314 1914 veffigalia
1352 1862 1519 1915 quanta

225 1934 450 1984 terrestria
480 1933 794 1994 maritimaque
821 1930 960 1975 essent
978 1963 991 1984 ‚
1028 1927 1077 1973 &
1107 1925 1153 1971 in
1181 1941 1290 1988 quas
1312 1941 1382 1971 res
1408 1941 1517 1970 ero-

228 2021 469 2074 garentur,
507 2004 827 2054 animadvertit
845 2040 859 2062 ,
895 2005 944 2049 δε
972 2001 1081 2065 quid
1107 2014 1265 2046 eorum
1298 1998 1516 2045 ordinarii

230 2079 493 2143 reipublicae
521 2077 622 2124 usus
659 2076 1004 2131 consumerent,
1037 2084 1253 2136 quantum
1286 2072 1517 2134 peculatus

228 2164 482 2208 averterem
511 2150 722 2197 omnibus
757 2147 940 2195 residuis
971 2145 1173 2209 pecuniis
1203 2146 1364 2191 exaffis
1383 2182 1396 2203 ,
1430 2146 1516 2191 tri-

229 2228 344 2276 buto
368 2224 552 2290 privatis
581 2222 790 2279 remiss‘o‚
828 2222 926 2268 satis
961 2221 1237 2284 locupletem
1268 2218 1517 2282 rempubli-

230 2318 332 2348 cam
369 2300 468 2346 fore
504 2299 559 2345 ad
582 2296 771 2360 vecligal
801 2295 1096 2358 praestandum
1125 2294 1370 2350 Romanis,
1403 2309 1517 2354 pro-

232 2373 462 2422 nuntiavit
480 2372 525 2418 in
545 2370 796 2426 concione,
813 2370 862 2415 &
882 2365 1081 2429 praestitit
1100 2364 1375 2428 promissum.
1396 2365 1515 2410 Tum

233 2464 351 2498 vero
378 2447 469 2507 isti,
502 2461 620 2510 quos
650 2454 838 2508 paverat
869 2457 950 2504 per
981 2439 1156 2504 aliquot
1188 2454 1332 2486 annos
1365 2437 1518 2501 publi-2
