1592 2724
298 179 848 225 HtsTORI‘ARUM
884 180 1008 226 ΗΒ.
1044 180 1262 226 XXXIII.
1330 193 1425 244 359

130 298 251 341 tum,
271 301 328 331 ne
360 284 405 331 in
440 287 668 346 Europam
700 295 776 330 aut
804 282 895 346 ipse
924 284 1149 343 transiret,
1167 296 1245 331 aut
1267 284 1427 347 copias

130 357 368 420 trajiceret.
410 359 614 405 Dimiffis
648 357 764 420 regis
802 356 986 421 legatis,
1020 369 1278 406 conventus
1311 372 1425 423 geru-⁴¹

131 429 245 476 tium
268 431 603 494 civitatumque
629 429 690 476 est
725 429 877 475 haberi
908 442 1087 492 coeptus
1112 448 1123 476 ε
1153 447 1301 493 eoque
1326 444 1425 481 mal-².

131 502 276 549 turius
298 504 590 566 peragebatur
606 539 620 559 ,
641 502 768 566 quod
789 501 965 548 decreta
990 503 1144 549 decem
1171 495 1425 566 legatorunt

132 574 341 621 civitates
367 573 634 622 nominatim
665 574 1031 637 pronuntiabant.
1060 574 1258 632 Orestis,
1287 574 1425 637 (Ma-2

131 650 361 696 cedonum
387 665 436 695 ea
467 664 572 711 gens
596 647 686 711 est)
708 648 832 711 quod
861 647 996 710 primi
1022 648 1077 694 ab
1107 665 1210 711 rege
1238 647 1426 696 defeciss·

132 721 252 778 sent,
276 720 360 769 suae
385 720 502 784 leges
527 720 727 767 redditae.
754 722 1009 784 Magnetes,
1031 721 1080 767 δ(
1104 720 1355 777 Perrhaebi‚
1374 723 1427 769 δε

131 794 375 856 Dolopes,
403 793 533 840 liberi
564 810 750 857 quoque
782 793 1080 857 pronuntiati.
1110 793 1427 843 Thessalorum

133 867 282 931 genti,
303 880 463 931 praeter
486 867 736 915 libertatem
757 868 1007 916 concefl'am
1023 905 1036 927 ,
1059 868 1215 915 Achaei
1237 868 1428 914 Phthio-i

132 952 189 986 tae
207 941 322 999 dati,
339 941 510 988 Thebis
524 941 795 988 Phthioticis
816 944 864 989 &
885 941 1094 988 Pharfalo
1115 953 1324 1004 excepto.
1345 942 1427 988 AE-

132 1013 258 1060 tolos
293 1014 347 1059 de
381 1013 589 1060 Pharsalo
626 1016 675 1062 &
713 1014 918 1062 Leucade
949 1014 1253 1076 postulantes,
1286 1025 1336 1060 ut
1368 1030 1428 1062 ex

133 1084 304 1131 foedere
336 1085 419 1132 fibi
450 1086 810 1145 restituerentur,
845 1088 899 1134 ad
931 1087 1126 1135 senatum
1162 1086 1428 1148 rejecerunt,

131 1158 404 1215 Phocenses,
440 1160 714 1219 Locrenses,
751 1164 799 1209 &
831 1180 933 1225 quae
968 1161 1079 1208 ficut
1112 1173 1213 1207 ante
1250 1159 1427 1207 fuerant

132 1230 326 1292 adjecta,
353 1233 519 1279 decreti
552 1235 812 1281 auctoritate
841 1234 909 1280 his
939 1234 1299 1281 contribuerunt.
1328 1236 1426 1280 Co-

131 1303 333 1362 rinthus,
362 1307 411 1352 ὅ(
442 1306 714 1371 Triphylia,
745 1309 794 1355 &
827 1309 985 1354 Heraea
1015 1307 1347 1371 (Peloponnesi
1374 1308 1427 1354 &

132 1374 224 1438 ipsa
253 1377 356 1424 urbs
384 1378 477 1440 est)
500 1380 671 1426 reddita
702 1380 895 1427 Achaeis.
929 1382 1105 1426 Oreum
1132 1382 1181 1428 &
1208 1381 1428 1427 Eretriam

134 1448 289 1494 decem
315 1448 446 1512 legati
469 1451 657 1497 Eumeni
683 1451 800 1514 regi,
828 1451 965 1498 Attali
985 1449 1109 1509 filio,
1131 1452 1305 1498 dabant.
1335 1451 1427 1497 dis-

133 1518 348 1565 sentiente
368 1521 588 1579 Quinffio
608 1558 621 1580 ,
641 1524 770 1568 venit
788 1539 854 1568 res
888 1522 935 1568 in
957 1522 1188 1569 arbitrium
1217 1523 1391 1568 senatus
1412 1541 1428 1569 ε

133 1591 308 1642 senatus
332 1593 579 1641 libertatem
599 1595 666 1641 his
688 1596 950 1642 civitatibus
969 1596 1090 1642 dedit
1103 1633 1118 1655 ,
1136 1597 1331 1662 Carysto
1351 1597 1426 1643 ad*

131 1663 266 1728 jecto.
298 1667 506 1714 Pleurato
540 1671 692 1732 Lycus
717 1670 767 1715 &
795 1669 995 1715 Parthini
1020 1670 1108 1716 dati
1129 1667 1427 1735 {Illyriorum

134 1751 324 1801 utraque
344 1756 450 1802 gens
477 1740 554 1786 sub
577 1740 751 1788 ditione
780 1742 973 1804 Philippi
995 1742 1154 1789 fuerat.
1182 1747 1425 1808 Amynan-

135 1810 266 1856 drum
284 1822 435 1858 tenere
456 1811 671 1872 jufferunt
693 1813 888 1873 castella,
902 1831 1003 1877 quae
1020 1831 1099 1877 per
1118 1813 1225 1860 belli
1246 1828 1427 1877 tempus

134 1884 347 1947 Philippo
373 1897 500 1948 capta
521 1886 760 1933 ademisset.

201 1959 404 2007 XXXV.
435 1959 630 2006 Dimifl‘o
660 1972 923 2019 conventu,
958 1961 1112 2008 decem
1139 1961 1292 2026 legati,
1318 1972 1425 2024 pari

133 2030 207 2077 titi
240 2031 391 2077 munia
422 2031 538 2078 inter
561 2033 632 2090 se,
660 2034 715 2079 ad
741 2033 986 2080 liberandas
1019 2033 1107 2080 suae
1138 2034 1322 2098 quisque
1349 2051 1423 2079 re-

135 2104 284 2167 gionis
303 2104 506 2153 civitates
530 2106 813 2154 discesserunt
833 2127 842 2154 :
865 2110 910 2155 P.
931 2107 1145 2154 Lentulus
1166 2107 1429 2171 Bargylias,

136 2179 186 2223 L.
219 2176 454 2224 Stertinius
485 2179 782 2240 Hephaestiam
814 2183 863 2229 &
895 2180 1092 2227 Thasum
1131 2182 1180 2227 &
1213 2179 1424 2225 Thraciae

137 2251 272 2297 urbes
290 2286 304 2309 ,
332 2252 378 2298 P.
400 2251 562 2298 Villius
589 2253 638 2299 &
664 2256 713 2301 L.
733 2255 971 2301 Terentius
997 2254 1051 2299 ad
1074 2270 1221 2316 regem
1252 2252 1421 2299 Antio-

136 2325 271 2372 chum
286 2359 298 2379 ,
321 2325 406 2371 Cn.
428 2326 670 2373 Cornelius
689 2327 744 2373 ad
763 2327 1035 2390 Philippum.
1070 2326 1171 2390 qui,
1191 2327 1244 2372 de
1265 2325 1421 2372 mino-

135 2395 256 2441 ribus
284 2396 414 2442 rebus
443 2397 570 2443 editis
601 2398 842 2456 mandatis,
870 2410 1187 2461 percontatus,
1209 2396 1240 2442 fi
1271 2396 1419 2443 confi-

135 2467 248 2519 lium
266 2485 363 2518 non
382 2468 491 2518 utile
512 2470 656 2518 solum
669 2507 691 2529 „
712 2470 785 2520 sed
801 2470 934 2519 etiarn
953 2471 1165 2528 salutare,
1183 2469 1420 2516 admittere

1069 2544 1103 2588 Z
1137 2561 1168 2603 4
