1592 2724
283 159 835 206 HISTORIARUM
877 161 997 205 LIB.
1033 162 1244 207 XXVffl.
1350 179 1407 226 59

126 261 281 311 urbem
320 266 461 312 teneri
498 279 646 323 ratus,
685 268 735 313 ὃς
771 264 948 327 aliquos
980 267 1317 328 oppidanorum
1352 269 1407 314 ad

122 336 241 398 spem
268 339 471 389 novandi
488 356 560 384 vres
581 338 748 391 aliquid
773 352 995 384 moturos.
1025 340 1237 385 Ceterum
1260 341 1406 386 nuntii

123 424 180 455 ex
209 411 322 473 agris
350 411 511 473 trepidi
542 411 668 456 simul
702 410 1049 472 populationem
1079 411 1406 475 agrestiumque

121 479 273 544 fugam
295 485 342 530 &
369 484 561 530 hostium
582 484 829 529 adventum
851 483 1119 530 attulerant:
1151 486 1200 530 &
1225 484 1314 530 visa
1334 483 1406 530 in„-

120 553 266 598 terdiu
301 555 439 601 claffis
472 567 592 610 erat,
626 570 709 600 nec
742 554 830 599 fine
852 553 977 600 causa
999 554 1179 600 elei’sam
1202 566 1302 600 ante
1327 572 1406 600 ur-

120 622 222 669 bem
254 625 485 671 stationem
519 626 775 688 apparebat.
810 626 961 688 itaque
988 625 1187 672 instruffi
1219 627 1407 673 armati-

121 711 208 758 que
241 696 356 743 intra
390 710 566 754 portam
588 734 603 754 ‚
634 698 687 744 ad
723 697 922 759 stagnum
953 715 1004 746 ac
1040 714 1161 744 mare
1197 698 1369 745 versam
1390 735 1405 757 ,

122 767 486 815 continebantur.
526 768 618 816 Ubi
641 768 764 815 effufi
793 767 968 826 hostes,
1005 767 1143 814 mixta
1174 769 1290 815 inter
1317 769 1407 816 mi-

119 838 219 886 lites
239 841 408 889 navalis
424 842 551 888 turba
566 878 578 900 ,
598 843 652 889 ad
668 859 823 888 muros
840 842 1037 890 tumultu
1058 843 1228 904 majore
1241 880 1253 900 ,
1271 862 1405 907 quam

120 911 201 969 vi,
237 912 500 971 subierunt,
542 914 756 976 patefasfita
790 927 973 976 repente
1013 927 1177 976 porta,
1208 914 1406 963 Romani

121 1001 226 1031 cum
249 986 446 1033 clamore
465 1000 704 1049 erumpunt
725 1005 735 1033 :
764 986 1053 1050 turbatosque
1075 987 1222 1033 hostes
1244 1023 1257 1044 ,
1285 991 1332 1035 δέ
1349 990 1405 1036 ad

121 1057 319 1119 primum
347 1059 572 1105 incursum
603 1057 947 1119 conjeflumque
975 1058 1172 1105 telorum
1196 1059 1407 1120 aversos,

120 1128 259 1192 usque
279 1131 334 1176 ad
358 1131 463 1177 litus
484 1148 583 1177 cum
609 1131 747 1176 multa
774 1130 894 1177 caede
922 1129 1262 1193 persequuntur.
1296 1149 1403 1190 nec,

121 1201 201 1247 nisi
233 1219 372 1249 naves
407 1191 530 1248 litori
559 1202 754 1265 appulsae
783 1202 981 1264 trepidos
1007 1202 1301 1265 accepissent,
1333 1204 1404 1251 su-

118 1274 346 1337 perfuiffet
371 1292 531 1338 pugnae
558 1287 632 1322 aut
665 1274 779 1338 fuga:
803 1274 1047 1338 quisquam.
1080 1277 1128 1321 In
1160 1275 1262 1339 ipsis
1285 1295 1405 1341 quo-

120 1365 208 1410 que
243 1349 512 1411 trepidatum
540 1349 732 1395 navibus
759 1348 848 1405 est,
877 1348 983 1394 dum
1002 1384 1016 1404 ,
1046 1366 1102 1395 ne
1122 1349 1268 1396 hostes
1300 1369 1403 1398 cum

119 1418 205 1465 suis
241 1419 368 1467 fimul
389 1421 716 1484 irrumperent,
739 1421 919 1467 trahunt
950 1420 1112 1479 scalas,
1142 1421 1332 1485 orasque
1352 1425 1405 1471 &

119 1510 339 1553 ancoras,
371 1512 427 1542 ne
454 1497 502 1542 iu
536 1496 771 1542 moliendo
802 1513 929 1542 mora
965 1495 1097 1554 effet,
1135 1497 1404 1558 praecidunt.

118 1566 339 1630 multique
373 1568 587 1616 adnantes
614 1570 806 1616 navibus
825 1605 837 1625 ‚
866 1568 1042 1615 incerto
1066 1586 1155 1631 pree
1175 1571 1402 1630 tenebris,

118 1639 229 1701 quid
255 1652 332 1686 aut
362 1652 564 1702 peterent
595 1653 668 1687 aut
700 1641 931 1698 vitarent,
964 1639 1084 1686 foede
1119 1641 1404 1689 interierunt.

121 1711 307 1758 Postero
345 1713 416 1758 die
455 1730 556 1760 cum
590 1714 730 1761 classis
768 1714 871 1760 inde
907 1724 1030 1760 retro
1064 1713 1119 1759 ad
1151 1729 1403 1772 oceanum,

119 1785 237 1831 unde
259 1799 446 1832 venerat
461 1821 474 1844 ,
505 1785 710 1849 fugisset,
735 1787 789 1833 ad
809 1785 1056 1848 offingenti
1076 1785 1281 1834 homines
1304 1788 1406 1835 caest

119 1856 236 1904 inter
267 1875 442 1907 murum
476 1860 692 1925 litusque,
725 1862 774 1909 ὅ(
794 1861 849 1907 ad
880 1859 971 1905 duo
1005 1858 1141 1906 millia
1171 1877 1402 1909 armorum

120 1944 320 1978 inventa.

185 2003 424 2048 XXXVII.
455 2003 620 2064 Mage,
655 2019 759 2049 cum
785 2004 932 2052 Gades
961 2006 1210 2069 repetisset,
1242 2007 1404 2054 exclu⁴

119 2075 188 2121 sus
216 2075 320 2121 inde
339 2111 353 2133 ,
383 2077 436 2122 ad
467 2076 662 2122 Cimbim
695 2076 845 2142 (haud
876 2081 1037 2142 procul
1073 2098 1095 2127 a
1128 2081 1332 2128 Gadibus
1364 2083 1400 2128 is

120 2148 250 2195 locus
269 2148 418 2215 abest)
452 2150 578 2196 class'e
604 2151 783 2214 appulsa
799 2188 812 2210 ,
833 2154 1060 2201 mittendis
1081 2154 1233 2218 legatis
1248 2190 1261 2213 ,
1286 2171 1399 2218 que-

57 2257 60 2259 *
119 2224 375 2285 tendoque,
399 2225 523 2286 quod
543 2238 686 2286 portae
708 2224 787 2271 fibi
809 2225 935 2272 socio
953 2239 1085 2290 atque
1106 2227 1253 2274 amico
1275 2227 1400 2273 clau-

119 2294 172 2341 sae
201 2295 377 2351 forent,
413 2297 700 2361 purgantibus
727 2297 811 2355 iis,
844 2299 1146 2347 multitudinis
1174 2299 1403 2348 concursu

119 2367 282 2421 fafitum
295 2404 309 2426 ,
329 2368 494 2415 infestae
516 2370 577 2416 ob
597 2371 766 2433 direpta
784 2372 984 2434 quaedam
1003 2373 1080 2420 abs
1096 2372 1400 2420 conscenden-

119 2440 236 2492 tibus
265 2458 405 2492 naves
437 2441 682 2503 militibus,
708 2445 763 2492 ad
795 2445 1079 2510 colloquium
1109 2445 1299 2496 suffetes·
1317 2463 1400 2495 eo»
