1592 2724
314 153 852 219 HrsT‘oarARUM
887 167 1011 217 Lm.
1047 171 1262 219 xxxm.
1339 188 1430 234 327

151 275 228 338 qui
262 271 621 341 Cynoscephalae
660 286 917 331 vocantur,
954 274 1102 321 reliPta
1140 275 1202 322 ibi
1239 276 1429 324 statione

149 348 276 397 firma
300 351 499 412 peditum
532 350 819 413 equitumque
835 383 849 404 ‚
870 347 1115 409 posuerunt
1144 349 1297 396 castra.
1334 351 1430 395 Ro-

149 438 304 470 manus
325 423 484 470 eisdem
503 421 828 470 adThetidium
850 418 999 466 castris
1017 436 1119 466 cum
1138 419 1180 465 se
1200 421 1427 479 tenuisset,

148 497 432 559 exploratum
459 511 633 553 tamen,
660 495 739 543 ubi
768 494 906 541 hostis
930 494 1063 552 effer,
1080 493 1232 541 decem
1264 506 1428 542 turmas

148 570 348 631 equitum
377 572 427 617 &
452 571 572 616 mille
598 569 768 632 pedites
794 568 935 623 misit,
961 567 1191 624 monitos,
1211 578 1260 612 ut
1279 567 1334 612 ab
1354 566 1426 611 in-

147 641 290 697 sidiis,
309 660 415 704 quas
431 643 522 688 dies
540 642 754 688 obscurus
772 638 933 703 apertis
951 655 1135 703 quoque
1153 638 1268 684 locis
1285 639 1428 684 techi-

146 729 220 758 rus
245 713 374 770 esset,
393 726 707 776 praecaverent.
742 711 833 758 Ubi
859 724 1044 778 ventum
1075 711 1129 757 ad
1149 708 1330 756 inseffos
1352 722 1427 756 tu-

145 786 295 832 mulos
325 787 413 844 est,
445 803 616 848 pavore
647 798 808 832 mutuo
841 784 1006 845 injeao
1038 784 1166 831 velut
1194 795 1426 846 torpentes

145 855 426 916 quieverunt.
460 856 592 913 dein,
614 855 781 902 nuntiis
810 867 933 901 retro
963 854 1011 900 in
1040 851 1178 900 castra
1206 853 1261 899 ad
1290 852 1426 900 duces

144 926 302 986 miffis,
322 927 401 973 ub'i
434 927 602 989 primus
630 938 776 973 terror
798 928 853 972 ab
879 924 1155 987 necopinato
1183 924 1282 972 visu
1310 940 1424 972 oon-

146 997 283 1055 sedit,
314 995 407 1046 non
438 1000 605 1049 diutius
638 998 1166 1047 certamine-abstinuere.
1192 996 1424 1059 Principio

143 1087 168 1116 a
189 1071 337 1132 paucis
366 1073 735 1134 procurrentibus
765 1072 954 1118 laceffita
986 1086 1134 1134 pugna
1153 1068 1215 1115 est
1230 1105 1245 1126 ‚
1262 1069 1423 1115 deinde

144 1143 343 1192 subfidiis
363 1145 583 1192 tuentium
616 1145 766 1207 pulsos
789 1145 908 1191 auela
928 1163 937 1190 :
960 1144 1007 1190 in
1034 1160 1122 1206 qua
1146 1159 1246 1189 cum
1276 1143 1423 1188 haud-

142 1231 363 1278 quaquam
387 1233 512 1279 pares
534 1217 728 1263 Romani
747 1217 858 1263 alios
884 1216 1014 1278 super
1032 1216 1144 1261 alios
1164 1214 1350 1261 nuntios
1367 1214 1423 1261 ad

141 1288 302 1334 ducem
332 1288 587 1346 mitterent5
609 1289 751 1351 premi
773 1287 887 1343 sese3
918 1286 1151 1350 quingenti
1180 1286 1351 1349 equites
1371 1289 1421 1334 &

141 1359 235 1405 duo
261 1360 398 1407 millia
419 1362 643 1423 peditum,
664 1361 856 1407 maxime
877 1360 1162 1415 AEtolorum‚
1181 1376 1283 1406 curn
1306 1359 1420 1405 duo·

140 1433 222 1478 bus
246 1432 436 1478 tribunis
452 1433 644 1479 militum
667 1449 859 1495 propere
876 1431 999 1478 miffa
1013 1468 1029 1489 ,
1046 1448 1139 1477 rem
1161 1430 1421 1478 inclinatam

140 1506 456 1554 restituerunt:
485 1507 701 1571 versaque
736 1507 947 1564 fortuna,
978 1506 1254 1553 Macedones
1287 1506 1418 1552 labo-

139 1594 285 1627 rantes
307 1598 439 1643 opem
461 1582 575 1645 regis
595 1599 673 1644 per
696 1582 880 1628 nuntios
904 1580 1222 1642 implorabant.
1240 1580 1323 1625 Sed
1339 1615 1352 1636 ,
1370 1591 1419 1626 ut

139 1653 217 1714 qui
239 1653 353 1699 nihil
378 1655 525 1700 minus
553 1654 634 1700 illo
656 1653 726 1699 die
750 1667 935 1715 propter
953 1652 1135 1698 offusam
1162 1652 1418 1715 caliginem,

138 1739 270 1783 quam
303 1724 545 1785 proelium,
578 1724 891 1787 exspeElafl'et,
919 1740 1077 1786 magna
1110 1735 1234 1786 parte
1265 1723 1418 1770 homi-

137 1813 246 1843 num
277 1799 425 1844 omnis
459 1799 631 1861 generis
669 1799 926 1860 pabulatum
960 1797 1112 1854 missa,
1145 1797 1418 1861 aliquamdiu

136 1873 272 1933 inops
295 1872 470 1917 consilii
499 1872 768 1933 trepidavit:
793 1872 978 1928 deinde,
1002 1869 1236 1932 postquam
1269 1869 1417 1918 nuntii

139 1945 384 2001 instabant,
405 1947 452 1991 &
473 1944 558 2004 jam
588 1945 688 2009 juga
721 1945 945 1992 montium
968 1945 1195 1990 detexerat
1225 1945 1419 2005 nebula,

138 2019 188 2063 δέ
211 2018 254 2062 in
282 2016 521 2078 conspeflu
548 2032 674 2064 erant
695 2018 967 2065 Macedones
983 2052 998 2074 ‚
1017 2016 1064 2062 in
1086 2017 1303 2063 tumulum
1324 2035 1418 2065 ma-

138 2090 258 2136 xime
278 2090 446 2136 editum
479 2091 594 2136 inter
625 2092 735 2139 alios
766 2089 1013 2154 compulsi,
1036 2089 1142 2137 loco
1175 2089 1217 2135 se
1249 2092 1417 2153 magis,

138 2180 274 2226 quam
299 2163 432 2209 armis
448 2199 462 2221 ,
483 2174 700 2219 tutante53
722 2162 1089 2211 committendam
1117 2179 1265 2208 rerum
1294 2162 1416 2208 surn-

136 2253 254 2281 mam
284 2235 329 2280 in
355 2235 589 2282 discrimen
616 2252 844 2298 utcunque
872 2247 1018 2290 ratus,
1044 2250 1099 2280 ne
1127 2234 1261 2295 partis
1289 2233 1417 2278 inde-

136 2307 269 2354 fensae
296 2307 458 2368 jac'lura
486 2306 639 2366 fieret,
659 2309 993 2372 Athenagoram
1019 2305 1181 2352 ducem
1209 2307 1413 2353 mercede

136 2379 422 2426 militantium
456 2396 556 2426 cum
588 2380 822 2437 omnibus,
842 2392 1001 2442 praeter
1031 2378 1254 2436 Thracas,
1281 2379 1414 2425 auxi-

128 2451 205 2497 ·liis
219 2487 233 2510 ‚
254 2455 302 2500 &
321 2452 518 2514 equitatu
534 2454 837 2500 Macedonum
856 2470 908 2500 ac
929 2451 1240 2498 Theffalorum
1261 2451 1412 2497 mittit.

1048 2525 1094 2571 Χ
1129 2541 1160 2582 4
