1592 2724
206 147 297 211 ηε
554 143 1110 196 T1T1L1v1t

202 263 377 297 tentato
399 253 661 311 certamine,
692 255 814 316 turpi
833 255 935 317 fuga
958 266 1166 318 repetunt
1196 254 1347 303 castra.
1380 253 1480 303 caesi

203 325 411 387 captique
436 326 614 388 quidam
635 363 649 385 ‚
683 345 800 391 quos
824 329 995 391 equites
1021 330 1076 377 ab
1102 329 1276 393 agmine
1303 329 1482 393 fugien-

202 399 316 445 tium
343 400 640 448 interclusere.

185 471 187 474 ’
267 475 404 521 XL11.
444 474 697 537 Philippus,
725 475 812 522 suis
837 476 921 537 jam
955 476 1481 540 valloappropinquan-

202 545 347 604 tibus,
376 548 576 608 receptui
596 547 693 593 cani
716 547 843 607 juffit.
878 549 1085 612 fatigatos
1104 550 1222 596 enim
1243 565 1387 612 equos
1409 546 1486 593 vi-

201 619 365 682 rosque
399 635 494 665 non
516 632 604 666 tam
624 622 781 682 proelio
797 658 810 678 ‚
835 639 967 684 quam
995 623 1165 669 itineris
1185 623 1315 669 simul
1333 621 1487 684 longi-

202 693 389 750 tudine,
419 692 546 738 fimul
563 710 849 755 praepropera
878 695 1488 752 celeritate,habebat.1ta-‘

203 783 294 829 que
327 766 552 812 turmatim
585 767 784 829 equites,
817 767 1105 831 invicemque
1130 768 1388 829 manipulos
1424 769 1490 813 le-

203 837 276 885 vis
294 849 531 884 armaturae
548 850 794 900 ‚aquatum
820 840 884 885 ire
905 842 953 886 &
974 840 1189 902 prandere
1208 839 1354 901 jubet:
1374 839 1490 885 alios

204 911 252 957 in
280 910 471 957 statione
499 923 694 957 armatos
724 912 919 969 retinet,
957 913 1197 974 opperiens
1225 929 1381 975 agmen
1411 927 1490 973 pe-

204 984 348 1029 ditum
364 984 529 1030 tardius
552 985 729 1030 ductum
749 997 937 1047 propter
958 985 1221 1048 gravitatem
1245 1000 1490 1031 armorum.

205 1059 349 1118 Quod
376 1059 453 1104 ubi
482 1057 695 1116 advenit,
732 1060 780 1105 ὅ(
801 1059 902 1120 ipfis
934 1058 1198 1119 imperatum
1214 1093 1228 1115 ‚
1249 1069 1327 1114 ut,
1351 1056 1491 1102 statu-

204 1131 262 1177 tis
292 1130 419 1192 lignis
446 1128 664 1192 armisque
689 1141 789 1175 ante
812 1129 852 1175 se
871 1129 1048 1192 pos-rtis,
1069 1130 1225 1192 raptim
1245 1129 1393 1176 cibum
1415 1144 1493 1173 ca-

205 1215 385 1267 perent,
401 1202 517 1248 binis
534 1201 731 1248 ternisve
752 1201 972 1248 summum
993 1219 1047 1248 ex
1068 1201 1307 1263 manipulis
1325 1217 1492 1262 aquan-

206 1275 253 1321 di
285 1274 412 1321 causa
444 1274 602 1321 miffis:
640 1273 818 1320 interim
854 1291 990 1337 eques
1020 1291 1122 1320 cum
1149 1272 1238 1318 levi
1269 1283 1495 1318 armatura

207 1358 386 1409 paratus
407 1343 724 1407 instructusque
746 1344 893 1403 stetit,
918 1346 947 1391 fi
973 1346 1083 1409 quid
1102 1344 1239 1391 hostis
1269 1354 1495 1390 moveret.

209 1419 380 1476 AEtoli‚
416 1416 533 1481 (jam
567 1417 688 1464 enim
724 1419 803 1475 &‚
840 1436 938 1483 quae
971 1436 1050 1481 per
1084 1434 1213 1481 agros
1248 1415 1495 1463 multitudo

209 1494 348 1557 sparsa
373 1493 540 1552 fuerat,
575 1506 803 1555 receperat
828 1494 904 1540 se
895 1512 940 1540 m
975 1499 1062 1541 cat
1042 1493 1141 1554 ia)
1183 1505 1234 1538 ut
1272 1488 1496 1538 defenturi

208 1568 513 1625 munimenta,
534 1566 648 1613 circa
668 1578 819 1628 portas
840 1566 1096 1628 v1llumque
1117 1578 1313 1612 armatos
1341 1563 1495 1624 dispo-

211 1656 350 1702 nunt,
365 1644 469 1690 dum
486 1644 662 1706 quietos
679 1642 822 1688 hostes
843 1642 921 1704 ipsi
937 1640 1113 1688 feroces
1133 1658 1189 1687 ex·
1210 1652 1310 1686 tuto
1332 1639 1498 1700 specla-

212 1717 336 1764 bant.
378 1717 617 1779 postquam
650 1727 774 1761 mota
804 1715 925 1777 ligna
960 1714 1264 1760 Macedonum
1294 1712 1420 1769 sunt,
1449 1713 1499 1759 &

210 1792 449 1840 succedere
479 1792 532 1838 ad
554 1791 721 1838 vallum
741 1790 884 1852 parati
916 1803 1048 1851 atque
1075 1785 1273 1833 instructi
1294 1801 1500 1846 coepere,

212 1881 371 1929 omnes
403 1877 584 1927 repente
607 1899 621 1921 ‚
654 1862 816 1909 relictis
852 1861 1114 1909 stationibus
1135 1895 1149 1916 ‚
1187 1874 1265 1920 per
1298 1856 1502 1904 aversam

217 1950 388 2000 partem
412 1936 660 1983 castrorum
690 1935 744 1980 ad
770 1934 1020 1989 tumulum,
1043 1933 1099 1978 ad
1129 1931 1265 1978 castra
1284 1930 1500 1979 Athama·

213 2026 323 2055 num
348 2008 620 2071 perfugiunt.
657 2007 785 2053 multi
816 2007 862 2053 in
887 2008 969 2052 hac
993 2018 1177 2067 quoque
1210 2016 1299 2049 tam
1327 2001 1499 2064 trepida

213 2080 319 2144 suga
351 2080 470 2142 capti
507 2079 696 2141 caefique
730 2078 829 2124 sunt
856 2078 1131 2124 AEtolorum.
1179 2074 1439 2137 Philippus,
1465 2073 1498 2119 fi

215 2155 316 2202 latis
341 2154 428 2201 diei
448 2151 710 2215 superesset,
741 2169 835 2197 non
858 2152 1048 2207 dubius,
1088 2150 1196 2214 quin
1225 2149 1500 2196 Athamanes

216 2245 406 2293 quoque
437 2227 544 2274 exui
572 2225 719 2272 castris
746 2225 1024 2288 potuiffent,
1054 2224 1125 2269 die
1151 2239 1229 2285 per
1255 2221 1464 2284 proelium
1486 2255 1503 2275 ,

218 2302 381 2350 deinde
416 2319 495 2364 per
532 2299 830 2362 direptionem
868 2298 1111 2346 castrorum
1149 2294 1385 2349 absumt0‚
1423 2292 1503 2339 sub

219 2375 421 2421 tumulo
412 2392 458 2420 m
477 2373 685 2437 proxima
705 2371 888 2434 planitie
911 2368 1134 2425 consedit,
1153 2368 1295 2430 prima
1317 2365 1445 2410 luce
1435 2381 1503 2410 m-

221 2448 446 2514 {equentis
467 2447 556 2496 diei
573 2445 747 2495 hostem
766 2444 1051 2510 aggressurus.
1083 2442 1165 2489 Sed
1185 2438 1325 2488 AEtoli
1344 2438 1506 2486 eodem
