1592 2724
147 159 239 204 {80
504 152 1072 201 T1T1L1V11

139 260 436 326 colloquendi
462 260 609 309 secum
630 260 891 324 potestatem
916 259 1092 307 faceret.
1115 259 1163 306 Id
1182 270 1329 306 utrum
1353 256 1429 306 sua

142 339 302 401 sponte
334 335 521 393 fecerit,
541 352 596 381 an
633 334 820 397 publico
856 333 1076 389 confilio,
1109 346 1312 380 neutrum
1347 348 1427 380 cur

141 413 385 469 affirmem,
419 409 578 456 habeo.
614 408 820 455 Valerius
854 408 1039 463 Antias,
1073 406 1223 469 primo
1257 406 1428 469 proelio

140 485 311 535 victum
334 501 434 530 eum
458 501 481 530 a
500 482 712 546 Scipione
725 518 738 539 ‚
757 498 849 545 quo
870 480 1111 528 duodecim
1130 478 1271 526 millia
1290 496 1430 526 arma-

137 570 292 606 torum
316 556 361 602 in
389 555 480 602 acie
503 555 602 601 sunt
624 554 757 614 caesa,
779 553 900 600 mille
921 555 970 602 &
989 552 1256 616 septingenti
1277 552 1395 615 capti
1410 587 1427 609 ,

137 630 334 693 legatum
361 645 462 675 cum
488 626 584 673 aliis
612 627 766 673 decem
794 626 950 690 legatis
975 626 1108 672 tradit
1130 625 1178 673 in
1205 623 1343 672 castra
1371 624 1428 670 ad

137 702 400 765 Scipionem
415 699 597 745 veniffe.
611 700 824 746 Ceterum
842 697 996 760 Scipio
1018 714 1121 744 cum
1141 695 1429 760 colloquium

137 774 258 823 haud
290 772 536 830 abnuiffet‚
570 771 704 818 ambo
743 787 799 818 ex
834 770 1090 833 composito
1123 770 1259 818 duces
1291 768 1430 816 castra

137 844 430 910 protulerunt
443 880 457 902 ‚
474 855 522 890 ut
545 843 669 890 coire
689 859 746 888 ex
765 842 1029 906 propinquo
1051 841 1240 904 poffent.
1271 839 1429 903 Scipio

136 922 257 971 haud
290 920 452 983 procul
486 919 736 983 Naraggara
766 919 905 976 urbe,
927 930 1022 964 tum
1059 917 1114 962 ad
1146 928 1291 963 cetera
1318 916 1427 963 loco

134 1007 408 1059 opportuno
422 1029 436 1051 ‚
457 1005 552 1039 tum
570 991 696 1056 quod
721 989 904 1054 aquatio
926 990 1043 1036 intra
1072 988 1150 1035 teli
1171 988 1427 1049 conjectum

133 1080 255 1124 erat,
275 1066 492 1115 consedit.
515 1063 746 1112 Hannibal
765 1062 988 1110 tumulum
1014 1079 1038 1109 a
1064 1073 1261 1126 quatuor
1289 1062 1428 1108 milli-

133 1144 222 1190 bus
236 1140 364 1197 inde,
382 1151 530 1186 tutum
548 1136 936 1199 commodumque
956 1134 1159 1198 alioquin
1171 1170 1183 1193 ‚
1202 1132 1282 1180 nisi
1300 1133 1428 1198 quod

132 1214 402 1280 longinqua:
431 1211 684 1275 aquationis
709 1222 825 1266 erat,
852 1208 984 1272 cepit.
1011 1209 1073 1255 ibi
1093 1208 1140 1254 in
1168 1208 1320 1255 medio
1351 1208 1427 1255 lo-

133 1305 217 1337 cus
249 1285 511 1349 conspectus
535 1285 762 1348 undique,
785 1300 841 1329 ne
868 1282 976 1346 quid
1003 1281 1263 1329 insidiarum
1290 1282 1395 1328 effet
1408 1317 1426 1340 ,

133 1361 344 1410 delectus.

199 1433 362 1481 XXX.
384 1430 615 1479 Submotis
640 1429 738 1493 pari
763 1429 905 1493 spatio
924 1427 1102 1476 armatis
1118 1464 1132 1487 ‚
1156 1445 1257 1476 cum
1277 1427 1427 1491 singu·

131 1508 186 1556 lis
207 1506 528 1570 interpretibus
547 1505 767 1569 congreffi
791 1503 916 1559 sunt,
935 1519 1031 1550 non
1052 1501 1140 1547 suae
1159 1502 1301 1548 modo
1322 1518 1430 1550 aeta-

130 1582 190 1631 tis
228 1580 414 1628 maximi
451 1580 615 1637 duces,
649 1579 721 1625 sed
759 1577 909 1624 omnis
943 1586 1046 1622 ante
1081 1575 1124 1621 se
1160 1577 1426 1637 memoriae‚

130 1655 340 1705 omnium
380 1653 582 1718 gentium
619 1651 802 1700 cuilibet
841 1666 997 1714 regum
1036 1648 1426 1712 imperatorumve

130 1744 273 1793 pares.
293 1726 518 1790 Paulisper
537 1725 647 1772 alter
668 1724 846 1772 alterius
869 1721 1110 1785 conspectu
1123 1758 1138 1780 ,
1158 1723 1424 1770 admiratio-

127 1819 189 1849 ne
208 1811 361 1846 mutua
380 1815 524 1862 prope
542 1796 723 1845 attoniti
750 1795 1026 1844 conticuere.
1055 1795 1174 1841 Tum
1196 1796 1425 1843 Hannibal

127 1873 259 1938 prior
272 1909 286 1931 ,
305 1876 355 1918 Si
374 1875 448 1918 lzoc
475 1876 536 1918 ita
550 1871 651 1931 fato
680 1873 827 1916 datum
855 1884 940 1914 erat
953 1903 966 1926 ‚
984 1884 1052 1923 ut,
1073 1870 1143 1928 qui
1154 1870 1318 1928 primus
1338 1871 1425 1915 bel-

129 1953 217 1994 lum
238 1949 365 1992 intuli
383 1951 543 2008 populo
568 1949 788 2001 Romano,
807 1946 951 2004 quique
974 1944 1091 1988 tocies
1106 1961 1235 2002 prope
1261 1945 1307 1987 iti
1327 1961 1424 1988 ma-

129 2024 254 2068 nibus
272 2020 489 2067 viffforiam
507 2023 634 2066 habai
651 2056 666 2075 ‚
693 2022 730 2064 is
746 2021 853 2064 ultro
877 2021 937 2062 ad
945 2036 1091 2077 pacem
1104 2019 1326 2078 petendam
1346 2037 1421 2063 ve-

127 2095 260 2138 nirem
273 2110 293 2148 ;
311 2096 427 2137 laetor
442 2109 477 2138 te
496 2094 600 2137 mihi
610 2092 722 2151 sbrie
731 2088 987 2150 potiffimum
1007 2076 1179 2145 damni,
1205 2107 1232 2133 a
1250 2107 1329 2149 quo
1338 2108 1420 2148 pe-

129 2183 264 2213 terem.
294 2166 391 2211 Tibi
423 2184 576 2226 quoque
601 2167 707 2210 inter
735 2168 867 2208 multa
888 2166 1045 2226 egregia
1073 2181 1161 2208 non
1186 2165 1231 2207 irz
1255 2163 1421 2208 ultimis

130 2244 305 2287 laudum
334 2242 407 2285 lzoc
419 2238 579 2297 fuerit,
611 2240 928 2294 Hannibalem,
958 2241 1025 2282 cui
1043 2254 1101 2283 tot
1131 2240 1179 2282 de
1212 2238 1421 2282 Romanis

129 2317 306 2362 ducibus
322 2315 535 2362 vifforiam
558 2317 645 2359 Dii
669 2312 880 2376 (laifini,
901 2316 977 2358 tibi
994 2310 1137 2375 cffffi
1150 2331 1170 2368 ;
1190 2328 1301 2372 teque
1324 2312 1419 2356 kuic

129 2392 261 2447 bello,
291 2389 428 2454 vestris
448 2390 596 2448 prius,
634 2406 759 2448 quam
797 2388 972 2453 nostris,
1010 2388 1199 2431 cladibus
1232 2384 1419 2447 insigni,

122 2463 251 2523 finem
285 2459 529 2528 impoficiſjb.
562 2462 660 2509 Hoc
680 2479 836 2523 quoque
858 2463 1085 2508 ludibrium
1110 2459 1230 2520 casus
1249 2459 1421 2505 ediderit
