1592 2724
207 135 298 198 358
557 137 1124 191 T1T1L1v11

204 241 318 287 Ludi
307 259 447 290 crum
475 244 634 292 deinde
660 246 719 293 ita
747 248 908 311 raptim
936 253 1164 313 peractum
1195 253 1284 313 est,
1307 268 1356 303 ut
1387 258 1495 305 nui-

203 312 291 360 lius
314 332 398 363 nec
428 317 595 376 animi,
616 337 700 367 nec
729 321 855 368 oculi
880 321 1166 385 spectaculo
1155 327 1318 373 mtenti
1339 329 1491 378 effent

202 387 318 434 adeo
338 406 477 436 unum
501 393 711 455 gaudium
740 412 1144 459 praeoccupaverat
1162 400 1366 448 omnium
1386 402 1492 449 alia-

200 475 301 506 rum
336 430 527 509 sensumo
535 465 836 528 voluptatum.

268 535 479 583 XXXIII.
503 538 637 583 Ludis
658 555 773 585 vero
793 539 998 601 dimiffis,
1019 541 1145 589 cursu
1169 559 1313 606 prope
1331 559 1492 592 omnes

202 605 386 652 tendere
409 607 494 653 ad
484 620 798 669 imperatorem
822 613 1106 662 Romanum:
1127 626 1201 673 ut,
1220 627 1377 662 ruente
1394 628 1492 663 tur-

201 672 284 718 ba
273 691 319 719 m
338 691 506 734 unum,
527 676 647 724 adire
657 678 951 743 ,contingere
968 682 1168 730 dextram
1189 685 1462 748 cupientium
1475 721 1492 745 2

203 763 398 797 coronas
419 746 746 816 lemniscosque
775 752 1065 814 jacientium,
1083 756 1204 804 haud
1225 759 1388 821 procul
1406 777 1489 822 pe-

199 821 349 870 riculo
379 824 527 874 fuerit.
559 828 645 873 Sed
673 838 766 873 erat
799 827 935 874 trium
956 827 1096 875 ferme
1122 831 1172 877 &
1193 831 1377 895 triginta
1406 850 1490 879 an-

199 912 398 955 nor;um
430 900 480 947 &
510 917 613 947 cum
641 900 784 946 robur
810 898 1041 961 juventae,
1063 914 1158 948 tum
1189 905 1402 966 gaudium
1431 923 1491 953 ex

198 980 290 1015 tam
310 971 470 1036 insigni
499 973 657 1037 gloriae
686 972 862 1033 frueiu,
881 973 1003 1021 vires
1029 973 1379 1038 suppeditabant.
1405 995 1492 1026 nec

198 1045 393 1106 praesens
427 1048 633 1095 omnium
661 1048 804 1095 modo
838 1048 973 1096 effusa
1004 1049 1157 1097 laetitia
1187 1051 1272 1108 est;
1301 1052 1373 1099 sed
1408 1070 1492 1116 pet·

198 1119 368 1167 multos
398 1121 490 1169 dies
511 1121 644 1186 gratis
674 1124 725 1170 &
743 1121 1123 1185 cogitationibus,
1143 1126 1192 1172 ὅ(
1211 1123 1492 1175 sermonibus

197 1206 413 1241 revocata
431 1214 443 1241 ε
463 1198 506 1241 E
497 1194 559 1259 ffi
577 1199 764 1258 aliquam
785 1199 832 1242 in
860 1199 974 1243 terris
994 1214 1178 1259 gentem,
1198 1218 1282 1260 quae
1296 1201 1386 1261 fica
1407 1204 1491 1247 im-

189 1268 323 1328 penstz
336 1304 352 1325 ,
372 1270 460 1330 suo
496 1273 633 1317 labore
659 1290 709 1317 ac
726 1273 913 1332 periculo
939 1274 1044 1317 bella
1069 1289 1184 1334 gerat
1206 1293 1286 1334 pro
1309 1277 1491 1322 libertate

196 1345 376 1389 aliorum
396 1362 413 1389 .·
433 1364 505 1391 nec
533 1348 609 1392 lzoc
627 1347 855 1405 finitimis,
881 1361 957 1392 aut
983 1350 1226 1408 propinquae
1256 1351 1490 1396 vicinitatis

195 1418 436 1464 hominibus
450 1454 464 1477 ,
483 1436 558 1466 aut
582 1422 700 1466 terris
726 1422 954 1466 continenti
971 1421 1137 1477 junc‘lis
1146 1424 1303 1488 praestet
1317 1442 1333 1470 .·
1351 1428 1489 1471 maria

196 1491 410 1548 trajiciat,
433 1512 481 1538 nc
501 1497 614 1554 quod
628 1511 715 1540 toto
733 1497 825 1540 orbe
845 1513 1039 1542 terrarum
1057 1497 1253 1564 injustum
1273 1502 1488 1559 imperium

181 1565 273 1629 fit,
294 1564 337 1612 G*
361 1569 505 1627 ubique
519 1568 621 1623 jus,
635 1568 738 1626 sas,
758 1573 828 1613 lex
847 1569 1122 1631 potentffma
1132 1571 1237 1634 stru.
1264 1575 1369 1617 Una
1393 1591 1490 1617 voce

188 1643 393 1698 praeconis
414 1644 610 1688 liberatas
630 1661 769 1688 omnes
793 1644 959 1689 Graeciae
975 1660 1094 1704 atque
1111 1649 1159 1691 A
1148 1644 1226 1708 stae
1244 1649 1373 1692 urbes.
1391 1648 1490 1692 Hoc

184 1714 264 1773 spe
290 1717 518 1774 concipere,
540 1719 715 1762 audacis
733 1719 866 1762 animz
861 1715 1051 1801 fitiffi:
1071 1721 1132 1764 ad
1149 1718 1325 1782 ffc‘lum
1344 1722 1489 1770 adda-3

196 1804 304 1842 cere,
320 1790 485 1835 virtutis
506 1787 548 1836 ὅ*
564 1790 750 1848 fortunae
770 1792 966 1852 mgentiS.

259 1860 484 1908 XXXIV.
514 1863 768 1910 Secundum
787 1862 898 1910 ista
884 1880 974 1925 jam
996 1863 1237 1924 Quinctius
1260 1865 1311 1912 &
1328 1864 1489 1914 decem

193 1929 329 1979 Jeoati
347 1933 598 1984 lenationes
618 1953 773 1999 regum
786 1973 800 1996 ,
816 1937 1044 2001 gentium,
1062 1935 1386 2000 civitatumque
1404 1955 1487 1985 au-

195 2002 368 2051 divere.
395 2007 532 2054 Primi
556 1989 766 2056 omnium
795 2009 910 2073 regis
932 2008 1152 2056 Antiochi
1174 2009 1329 2057 vocati
1351 2010 1484 2074 legati

193 2083 310 2125 sunt.
336 2079 404 2126 his
431 2080 583 2127 eadem
598 2117 612 2139 ‚
632 2099 735 2145 quae
755 2081 849 2128 fere
868 2082 1031 2129 Romae
1057 2094 1208 2141 erant,
1230 2083 1370 2130 verba
1394 2083 1486 2131 fine

196 2150 284 2198 fide
304 2169 451 2200 rerum
468 2152 639 2215 jactata.
660 2155 785 2201 Nihil
803 2154 891 2217 jam
910 2155 1122 2220 perplexe
1136 2192 1151 2215 ,
1169 2169 1219 2203 ut
1235 2169 1361 2216 ante,
1381 2174 1484 2203 cum

198 2224 346 2272 dubiae
368 2242 437 2272 res
455 2225 676 2274 incolumi
696 2227 910 2292 Philippo
933 2241 1090 2287 erant,
1111 2229 1183 2276 sed
1201 2241 1351 2292 aperte
1370 2245 1483 2292 pro-

197 2297 482 2357 nuntiatum,
515 2310 564 2346 ut
604 2300 843 2348 excederet
874 2301 987 2348 Afiae
1021 2300 1236 2360 urbibus,
1271 2318 1369 2365 quae
1406 2312 1482 2347 aut

194 2370 418 2433 Philippi,
453 2383 529 2418 aut
559 2372 793 2418 Ptolemaei
824 2390 980 2437 regum
1011 2372 1203 2420 fuiffent.
1244 2372 1482 2420 abstineret

195 2442 383 2505 liberaS,
412 2444 658 2510 omnesque
685 2447 884 2496 Graecas.
915 2448 1034 2494 Ante
1062 2446 1219 2495 omnia
1232 2445 1482 2499 ,denuntia--¹
