1592 2724
276 173 817 226 HISTORIARUM
863 174 992 219 LIB.
1025 171 1240 218 XXVIII.
1371 184 1404 232 9

119 287 415 350 Peparethum
451 283 700 348 praefidium
733 278 834 325 urbi
868 277 1029 332 mittit3
1062 277 1183 322 unde
1218 275 1402 322 allatum

119 373 212 408 erat
227 397 242 418 ‚
263 360 457 406 Attalum
474 395 488 417 ,
507 358 562 405 ab
589 358 761 401 Lemno
781 352 908 399 clafl‘e
928 349 1169 397 transmissa
1187 384 1200 405 ,
1220 365 1404 394 omnem

121 433 239 481 circa
256 433 411 478 urbem
428 446 579 494 agrum
599 425 936 489 depopulatum.
949 421 1281 485 Polyphantam
1303 436 1406 465 cum

121 507 301 553 modica
329 522 463 552 manu
485 503 528 550 in
556 499 808 557 Boeotiam,
835 495 1102 558 Menippum
1133 493 1240 539 item
1262 509 1408 554 quen-

122 579 223 625 dam
261 596 316 626 ex
352 577 480 640 regiis
512 574 699 621 ducibus
731 588 833 619 cum
868 569 989 616 mille
1029 566 1225 631 peltastis
1257 565 1410 628 (pelta

124 665 260 698 cetrae
290 652 407 697 haud
436 647 648 695 diffimitis
678 645 773 709 est)
801 643 1061 691 Chalcidem
1089 639 1241 686 mittit.
1271 636 1411 684 additi

124 723 360 787 quingenti
392 723 662 785 Agrianum,
690 731 740 766 ut
769 733 926 764 omnes
950 714 1106 761 insulae
1130 726 1273 776 partes
1294 708 1410 757 tueri

125 795 316 858 poffent.
359 794 449 858 ipse
481 793 729 840 Scotuffam
762 789 823 836 est
860 787 1084 852 profectus
1113 804 1123 832 :
1159 785 1411 845 eodemque

126 868 182 913 ab
223 867 383 913 Larissa
418 866 721 912 Macedonum
755 863 909 924 copias
938 858 1123 906 ¹traduci
1164 857 1298 918 juffit.
1337 857 1408 901 Eo

125 942 381 988 nuntiatum
411 941 497 997 est,
522 939 767 987 concilium
802 936 963 984 AEtolis
1000 932 1257 981 Heracleam
1292 929 1412 974 incli-
1464 973 1467 975 ,

126 1016 242 1062 &um
258 1051 270 1071 ‚
287 1030 526 1078 regemque
547 1012 744 1059 Attalum
759 1049 771 1069 ,
786 1011 839 1057 ad
861 1007 1200 1056 consultandum
1223 1005 1275 1049 tle
1296 1002 1413 1048 sum-

127 1105 200 1134 ma
227 1088 354 1143 belli,
374 1100 630 1134 venturum.
662 1086 793 1130 Hunc
828 1092 1111 1128 conventum
1132 1089 1181 1122 ut
1212 1074 1412 1120 turbaret

130 1161 277 1207 subito
297 1162 524 1214 adventu,
548 1158 716 1221 magnis
737 1155 968 1202 itineribus
989 1150 1250 1198 Heracleam
1270 1146 1415 1194 (luxit.

127 1236 178 1280 &
216 1234 416 1280 concilio
450 1232 628 1296 quidem
664 1230 837 1276 (limi-{so
874 1227 962 1288 jam
1002 1226 1129 1271 venit
1158 1242 1167 1270 :
1197 1222 1414 1285 segetibus

129 1315 308 1360 tamen,
336 1322 436 1367 quae
469 1321 610 1367 prope
638 1303 934 1349 maturitatem
966 1309 1120 1355 erant,
1139 1295 1333 1342 maxime
1362 1294 1411 1339 in

130 1376 226 1422 finu
252 1377 493 1423 AEnianum
523 1376 703 1422 vastatis
721 1411 734 1430 ‚
764 1371 1010 1420 Scotufl'am
1045 1368 1198 1430 copias
1225 1365 1415 1413 reducit.

131 1446 197 1492 lbi
225 1447 422 1493 exercitu
450 1447 576 1493 omni
607 1446 762 1491 relicto
781 1479 794 1501 ‚
817 1460 920 1490 cum
951 1442 1144 1488 cohorte
1174 1437 1296 1500 regia
1315 1439 1417 1483 De-

130 1519 391 1565 metriadem
420 1518 504 1564 sese
523 1518 695 1581 recipit.
728 1516 832 1563 Inde
858 1527 907 1561 ut
937 1515 991 1568 ad
1025 1528 1184 1560 omnes
1216 1510 1416 1556 hostium

131 1599 285 1637 motus
319 1592 461 1653 poffet
496 1606 764 1649 occurrere,
795 1589 843 1635 in
880 1587 1124 1635 Phocidem
1157 1596 1290 1646 atque
1324 1585 1419 1628 Eu-

132 1664 307 1722 boeam,
336 1667 383 1712 &
406 1664 703 1727 Peparethum
733 1661 891 1718 mittit,
921 1659 1001 1722 qui
1032 1658 1132 1705 loca
1162 1657 1250 1704 alta
1279 1655 1419 1718 elige-

132 1749 262 1794 rent,
295 1737 415 1783 unde
452 1736 559 1782 editi
595 1735 721 1797 ignes
755 1742 1032 1795 apparerent.
1069 1728 1159 1792 ipse
1190 1729 1238 1774 in
1269 1727 1419 1773 Tisaeo

134 1809 299 1871 (mons
317 1809 378 1855 est
396 1808 441 1854 in
462 1808 741 1854 altitudinem
764 1807 988 1868 ingentem
1008 1801 1254 1849 cacuminis
1274 1797 1418 1862 editi)

135 1881 355 1942 speculam
372 1881 521 1944 posuit
539 1895 550 1924 τ
570 1892 620 1926 ut
639 1878 814 1942 ignibus
835 1876 997 1940 procul
1018 1873 1198 1920 sublatis
1216 1873 1390 1936 lignum
1403 1906 1421 1928 ,

135 1953 214 1998 ubi
239 1953 348 2016 quid
366 1954 632 2000 molirentur
651 1951 798 1998 hostes
814 1986 828 2008 ,
847 1959 1084 1996 momento
1102 1946 1317 2009 temporis
1341 1961 1424 1990 ac·

137 2024 320 2086 ciperet.
346 2028 577 2072 Romanus
598 2027 843 2088 imperator
861 2024 911 2069 &
931 2021 1105 2068 Attalus
1130 2036 1208 2066 rex
1235 2036 1259 2064 a
1278 2020 1421 2078 Pepa-

137 2095 267 2141 retho
286 2097 485 2143 Nicaeam
502 2096 787 2158 trajecerunt.
811 2094 914 2151 inde
936 2091 1110 2139 claffem
1131 2089 1178 2135 in
1198 2089 1422 2135 Euboeam

139 2169 195 2214 acl
216 2168 369 2214 urbem
388 2170 561 2216 Oreum
580 2169 882 2215 transmittunt
903 2183 913 2211 ε
938 2181 1039 2228 quae
1056 2163 1110 2209 ab
1130 2159 1422 2208 Demetriaco

138 2242 233 2288 sinu
254 2241 513 2287 Chalcidem
535 2243 584 2289 δέ
604 2241 823 2303 Euripum
843 2237 1011 2302 petenti
1028 2237 1083 2282 ad
1100 2235 1259 2280 laevam
1279 2232 1423 2294 prima

139 2314 320 2360 urbium
339 2313 527 2360 Euboeae
553 2313 696 2377 pofita
715 2312 787 2358 est.
814 2314 877 2357 Ita
896 2310 1012 2357 inter
1034 2306 1228 2353 Attalum
1249 2320 1299 2350 ac
1319 2302 1423 2348 Sul-
1462 2361 1465 2363 Ι

141 2386 309 2450 picium
335 2386 585 2447 convenit,
605 2399 655 2449 ut
680 2384 922 2433 Romania
951 2381 1090 2442 mari,
1118 2378 1228 2443 regii
1257 2393 1282 2423 a
1306 2386 1423 2423 terra

142 2469 472 2522 oppugnarent.
