1592 2724
249 177 797 227 H1sToR1ARUM
828 175 954 220 LIB.
988 171 1204 220 XXXIII.
1275 185 1360 235 335

91 286 213 335 dium
232 321 246 343 ‚
280 285 331 332 iis
364 283 560 332 fuerunt.
593 284 708 329 Cum
736 279 947 342 Philippo
968 277 1025 324 ita
1051 277 1297 335 convenit,
1316 288 1368 323 ut

91 358 375 407 Demetrium
411 355 550 402 filium
583 356 634 401 &
662 351 879 417 quosdam
910 367 965 396 ex
1003 352 1253 398 amicorum
1287 366 1370 396 nu-

91 447 219 478 mero
248 429 451 486 obfides,
485 431 534 476 &
563 429 754 475 ducenta
788 424 950 471 talenta
983 423 1131 469 daret:
1168 424 1222 468 de
1252 435 1376 469 cetea

92 504 151 551 ris
182 504 372 550 Romam
402 503 599 550 mitteret
624 501 807 563 legatos.
840 500 895 545 ad
926 514 1021 544 eam
1050 512 1146 543 rem
1178 508 1371 559 quatuor

94 577 311 622 mensium
339 574 531 623 induciae
560 573 710 620 essent.
746 571 787 617 Si
815 588 902 633 pax
929 584 1023 615 non
1058 568 1291 630 impetrata
1316 568 1374 613 ab

95 648 248 695 senatu
273 647 392 694 foret
409 683 424 705 ,
460 645 634 692 obfides
661 642 986 706 pecuniamque
1007 638 1131 686 reddi
1159 638 1374 701 Philippo

97 733 324 783 receptum
355 720 432 767 est.
467 719 609 767 Causa
639 720 850 765 Romano
884 713 1144 777 imperatori
1171 729 1265 758 non
1291 714 1377 758 alia

98 792 245 853 maior
269 792 392 839 fuiffe
423 791 585 839 dicitur
619 789 738 853 pacis
764 786 1064 843 maturandae,
1091 802 1224 848 quam
1252 785 1379 846 quod

101 865 379 912 Antiochum
414 865 580 911 bellum
609 863 928 925 transitumque
952 860 999 907 in
1023 862 1250 923 Europam
1277 874 1380 904 mo-

101 935 174 982 liri
202 936 447 983 constabat.

167 1010 289 1055 XIV.
320 1009 493 1056 Eodem
524 1018 760 1069 tempore,
796 1017 955 1068 atque,
991 1016 1042 1051 ut
1072 1002 1254 1068 quidam
1288 1016 1383 1050 tra-

103 1080 281 1140 didere,
304 1083 464 1128 eodem
484 1080 554 1125 die
577 1082 632 1126 ad
653 1079 928 1126 Corinthum
950 1077 1103 1126 Achaei
1120 1078 1286 1122 -ducem
1309 1093 1382 1122 re-

105 1152 227 1212 gium
262 1152 618 1198 Androsthenem
655 1149 769 1210 justo
806 1147 975 1211 proelio
1012 1146 1237 1194 fuderunt.
1274 1151 1381 1195 Eam

105 1223 262 1269 urbem
290 1239 373 1285 pro
399 1240 499 1269 arce
523 1221 756 1268 habiturus
776 1219 1008 1281 Philippus
1027 1219 1237 1266 adversus
1257 1221 1385 1265 Grae⁴

108 1294 189 1341 ciae
223 1295 459 1353 civitates,
488 1298 537 1342 δι
556 1294 778 1357 principes
808 1293 910 1339 inde
940 1303 1159 1340 evocatos
1184 1307 1263 1354 per
1284 1292 1384 1354 spe-

107 1367 220 1413 ciem
247 1368 571 1431 colloquendi,
602 1379 818 1430 quantum
855 1364 1055 1428 equitum
1091 1365 1195 1411 dare
1214 1365 1388 1411 Corin--¹

106 1439 189 1485 thii
225 1440 280 1486 ad
304 1441 470 1486 bellum
504 1439 706 1502 poffent,
743 1438 985 1484 retinuerat
1012 1452 1096 1500 pro
1132 1436 1389 1487 obsidibus.

110 1512 189 1571 &,
224 1525 381 1574 praeter
413 1512 686 1576 quingentos
727 1507 1011 1557 Macedonas
1035 1508 1293 1572 mixtosque
1331 1525 1387 1555 ex

110 1586 238 1631 omni
273 1604 433 1649 genere
471 1585 742 1632 auxiliorum
779 1583 1094 1647 octingentos,
1131 1584 1259 1647 quod
1298 1581 1390 1645 jam

112 1671 214 1703 ante
246 1658 308 1704 ibi
338 1658 504 1715 fuerat,
543 1658 665 1704 mille
695 1657 999 1703 Macedonum
1035 1672 1091 1701 eo
1112 1655 1317 1713 miserat,
1340 1658 1391 1703 &

113 1731 237 1776 mille
274 1749 325 1778 ac
347 1733 566 1778 ducentos
598 1730 810 1795 Illyrios,
846 1728 1134 1792 Thracasque
1155 1763 1169 1785 ,
1205 1730 1254 1776 &
1276 1730 1391 1775 Cre-

113 1805 280 1862 tenses,
298 1805 375 1868 qui
395 1805 440 1852 in
454 1817 642 1868 utraque·
656 1805 1049 1868 parte-militabant
1060 1841 1074 1861 ‚
1095 1804 1395 1867 offlngentos.

114 1876 196 1921 His
215 1876 352 1922 additi
367 1877 519 1923 Boeoti
534 1913 547 1934 ‚
568 1876 880 1939 Thessalique,
905 1877 1227 1923 &Acarnanes
1248 1875 1394 1931 mille,

118 1949 275 1995 scutati
295 1966 478 2007 omnes,
501 1952 549 1998 &
567 1967 622 1997 ex
643 1949 841 2012 ipsorum
863 1949 1214 1996 Corinthiorum
1233 1948 1393 2009 juven-

119 2033 244 2079 tute,
280 2021 459 2084 impleta
488 2034 537 2067 ut
565 2022 700 2068 effent
732 2022 807 2068 sex
835 2021 972 2068 millia
1001 2033 1302 2076 armatorum,
1340 2019 1395 2065 fi-

118 2094 296 2140 duciam
327 2094 629 2141 Androstheni
659 2095 861 2142 fecerunt
885 2094 978 2142 acie
1008 2095 1289 2142 decernendi.
1312 2094 1397 2139 Ni-

120 2166 337 2213 costratus
354 2179 522 2228 praetor
544 2168 818 2214 Achaeorum
837 2169 1037 2231 Sicyone
1054 2180 1146 2213 erat
1167 2185 1267 2214 cum
1286 2167 1399 2211 duo*

121 2241 203 2288 bus
229 2239 424 2287 millibus
443 2241 670 2303 peditum,
698 2254 876 2288 centum
906 2241 1158 2304 equitibus:
1193 2239 1293 2296 sed,
1317 2239 1402 2284 im-

124 2330 275 2376 parem
302 2313 342 2359 se
372 2315 420 2360 &
455 2330 643 2359 numero
682 2315 730 2360 ὅ(
764 2330 921 2376 genere
957 2314 1149 2359 militum
1191 2315 1400 2368 cernens;

125 2387 356 2433 moenibus
391 2403 487 2432 non
529 2387 785 2434 excedebat.
830 2387 980 2451 Regiae
1019 2386 1165 2448 copiae
1204 2384 1401 2448 peditum

125 2458 415 2521 equitumque
449 2474 576 2521 vagae
611 2459 943 2518 Pellenensem,
977 2461 1026 2507 &
1058 2458 1293 2505 Phliasium
1308 2494 1327 2516 ,
1357 2459 1405 2505 &
