1592 2724
333 203 890 254 HISTORIARUM
924 205 1050 251 Ltss.
1086 203 1264 252 XXXI.
1360 221 1449 255 211

232 316 289 362 V.
324 315 462 360 Anno
492 311 852 376 quingentesimo
879 309 1249 373 quinquagesimo
1269 310 1323 358 ab
1340 312 1454 359 urbe

166 386 377 447 condita,
394 389 442 435 P.
461 384 662 448 Sulpicio
680 383 852 440 Galba,
878 383 932 428 C.
952 382 1143 428 Aurelio
1163 383 1423 431 consulibus
1437 419 1453 443 ,

165 458 334 507 bellum
366 476 469 507 cum
495 473 596 520 rege
615 454 821 517 Philippo
848 453 1011 500 initum
1042 452 1130 510 est,
1150 454 1301 516 paucis
1326 473 1453 502 men-

166 529 282 577 sibus
297 530 396 592 post
414 543 565 592 pacem
583 523 1025 588 Carthaginienfibus
1046 523 1207 569 datam.
1231 524 1453 571 Omnium

168 603 363 666 primum
385 618 481 648 eam
504 598 769 662 remvldibus
792 596 962 644 Martiis
979 632 992 655 ‚
1018 613 1111 660 quo
1132 597 1203 642 die
1222 610 1318 643 tum
1338 613 1455 643 con-

168 675 333 722 sulatus
366 674 591 730 inibatur,
622 673 668 718 P.
687 670 912 733 Sulpicius
942 667 1096 716 consul
1126 668 1303 716 retulit:
1331 668 1456 716 sena-

166 748 325 810 tusque
346 745 577 802 decrevit,
601 744 667 790 uti
688 742 895 791 consules
913 739 1158 803 majoribus
1183 741 1337 788 hostiis
1356 758 1452 789 rem

167 819 372 867 divinam
393 816 593 866 facerent
608 852 624 873 ‚
645 814 808 878 quibus
829 812 932 859 Diis
951 812 1052 874 ipsis
1073 811 1325 870 videretur,
1349 826 1454 860 cum

167 891 368 956 precatio
377 907 431 936 ne
457 907 534 937 ea:
559 891 702 950 Quam
723 905 802 934 rem
819 888 994 948 senatus
1010 887 1267 947 populusque
1287 888 1454 934 Roma-

167 984 249 1013 nus
281 969 329 1011 de
355 966 562 1025 republica
590 964 713 1022 deque
744 963 925 1006 ineundo
952 978 1060 1005 novo
1090 962 1193 1005 bello
1223 961 1270 1004 in
1308 965 1453 1008 animo

169 1040 329 1091 haberet
344 1072 358 1095 ,
389 1054 436 1082 ea
456 1053 516 1082 res
532 1038 595 1082 uti
604 1039 765 1095 populo
785 1035 981 1078 Romano
999 1066 1011 1087 ,
1030 1031 1239 1092 sociislyue
1253 1066 1266 1088 ‚
1301 1049 1352 1077 ac
1377 1051 1456 1079 no·-

169 1114 277 1157 mim'
293 1112 469 1165 Latino,
488 1111 582 1153 bene
610 1126 658 1152 ac
672 1105 854 1165 feliciter
868 1107 1038 1150 eveniret
1054 1123 1069 1150 .·
1101 1102 1341 1150 secundum
1359 1121 1456 1152 rem

171 1184 373 1231 divinam
407 1180 806 1244 precationemque
829 1215 843 1237 ‚
879 1190 929 1225 ut
964 1178 1018 1224 de
1052 1177 1279 1240 republica
1312 1179 1456 1243 deque

170 1253 422 1320 provinciis
456 1253 656 1300 senatum
689 1252 988 1300 consulerent.
1022 1252 1104 1296 Per
1139 1267 1218 1297 eos
1246 1251 1338 1299 dies
1365 1267 1457 1315 op-

170 1339 369 1391 portune
402 1325 626 1372 irritandis
661 1326 718 1372 ad
749 1324 914 1371 bellum
944 1322 1104 1369 animis
1124 1358 1137 1378 ‚
1173 1325 1223 1371 &
1258 1324 1398 1371 literae
1429 1342 1455 1372 a

171 1401 241 1447 M.
262 1399 448 1446 Aurelio
475 1397 648 1460 legato,
667 1398 718 1444 ὃ(
746 1398 809 1442 Μ.
832 1394 1017 1441 Valerio
1038 1394 1229 1441 Laevino
1250 1412 1456 1459 proprae-

171 1484 273 1518 tore
302 1470 470 1516 allatae:
505 1471 556 1515 &
583 1467 918 1515 Atheniensium
944 1483 1067 1513 nova
1103 1466 1268 1529 legatio
1301 1470 1460 1527 venit,

136 1584 138 1586 ,
171 1560 274 1606 quae
305 1560 451 1605 regem
489 1542 853 1604 appropinquare
891 1538 1053 1584 finibus
1086 1539 1169 1586 suis
1203 1541 1459 1589 nuntiaret:

168 1615 390 1678 brevique
411 1651 425 1671 ‚
461 1631 557 1660 non
593 1630 721 1677 agros
755 1614 896 1659 modo
914 1649 926 1669 ‚
961 1611 1033 1658 secl
1062 1613 1221 1659 urbem
1248 1613 1382 1662 etiam
1409 1615 1456 1661 in

171 1688 347 1735 ditione
368 1686 462 1747 ejus
488 1687 709 1746 futuram,
740 1687 820 1732 nifi
852 1686 959 1750 quid
986 1686 1031 1732 in
1055 1687 1272 1734 Romanis
1300 1687 1459 1736 auxilii

173 1759 308 1806 foret.
343 1761 463 1806 Cum
496 1760 853 1822 pronuntiassent
881 1756 1085 1804 consules
1101 1793 1114 1816 ,
1140 1774 1233 1805 rem
1252 1759 1457 1807 divinam

173 1832 258 1877 rite
283 1831 519 1894 perfeH‘am
546 1832 629 1878 effe
647 1867 660 1890 ‚
688 1833 740 1879 &
762 1830 1073 1895 precationem
1094 1831 1306 1879 admisisse
1326 1836 1458 1883 Deos

173 1905 426 1968 haruspices
446 1905 713 1968 respondere
729 1940 743 1964 ,
772 1906 958 1966 laetaquc
978 1917 1078 1951 exta
1099 1903 1248 1963 fuiffe,
1280 1908 1330 1954 ὃ(
1350 1926 1460 1971 pro-

174 1977 392 2024 lationem
410 1977 567 2025 finium
582 2014 596 2036 ,
611 1978 962 2040 vi&oriamque,
983 1977 1034 2023 δέ
1054 1977 1330 2040 triumphum
1349 1998 1460 2043 por-

176 2049 329 2106 tendi3
359 2062 455 2097 tum
482 2051 620 2098 literae
646 2053 812 2099 Valerii
843 2050 1106 2113 Aureliique
1139 2051 1288 2109 leike,
1322 2056 1371 2102 &
1398 2056 1462 2102 le·

176 2122 267 2185 gati
292 2122 628 2170 Atheniensium
664 2125 813 2172 auditi.
850 2126 1033 2171 Senatus
1067 2123 1171 2170 inde
1203 2124 1461 2174 consultum

176 2196 340 2244 saelum
372 2195 464 2255 est,
498 2209 550 2244 ut
584 2197 715 2245 sociis
748 2199 898 2263 gratiae
929 2211 1190 2262 agerentur3
1225 2198 1350 2261 quod
1386 2200 1465 2247 diu.

177 2267 435 2327 sollicitati,
469 2286 526 2316 ne
555 2269 801 2317 obficlionis
831 2271 1010 2335 quidem
1042 2283 1165 2317 metu
1194 2270 1279 2317 fide
1312 2271 1464 2319 deces-

176 2339 337 2388 fiffent.
379 2342 433 2388 de
466 2342 639 2389 auxilio
670 2342 892 2389 mittendo
926 2355 1022 2389 tum
1060 2341 1329 2404 respondere
1367 2342 1464 2405 pla-

179 2430 311 2470 cere,
346 2431 449 2462 cum
477 2413 680 2461 consules
712 2414 976 2476 provincias
1008 2414 1154 2461 sortiti
1187 2413 1349 2461 ess'ent:
1391 2427 1463 2461 at-

178 2501 267 2550 que
290 2487 328 2536 is
356 2486 516 2537 consul
534 2521 553 2548 ,
573 2487 649 2536 cui
669 2488 937 2537 Macedonia
956 2485 1195 2552 provincia
1220 2487 1463 2552 eveniss‘et„

1098 2559 1143 2605 O
1183 2576 1206 2604 2
