1592 2724
294 142 1231 219 HISTORIARUM'L13.XXX1.
1320 187 1409 235 ψ

124 276 251 325 nium
281 277 518 341 superare,
538 278 611 325 sed
642 295 726 325 nec
751 289 878 324 extra
906 277 1068 324 fretum
1100 279 1256 341 Euripi
1284 297 1415 326 com-

125 352 303 399 mittere
322 365 478 415 aperto
505 352 616 399 mari
634 351 675 398 se
695 352 930 398 audebant.
957 353 1328 414 Super-venerunt
1346 355 1415 400 his·

126 438 214 472 tres
230 426 423 472 Rhodiae
442 425 769 489 quadriremes„
789 424 840 471 &
857 435 985 470 erant
1005 424 1165 472 Atticae
1185 437 1271 472 tres
1290 444 1414 488 aper-

125 510 181 545 tae
210 515 348 546 naves
364 535 378 557 ‚
397 499 451 545 ad
471 499 667 545 tuendos
692 497 945 544 maritimos
976 513 1105 561 agros
1127 512 1413 560 comparatae.

124 573 224 618 Hac
253 572 381 619 classe
416 571 447 617 fi
478 571 582 617 urbs
616 570 795 634 agrique
826 569 1164 618 Athenienfium
1202 571 1414 618 defende-

123 657 304 704 rentur,
324 643 425 692 satis
450 643 496 689 'm
525 643 757 707 praesentia
786 642 1055 690 existimanti
1082 642 1275 690 Claudio
1302 643 1413 702 effe,

124 716 309 778 majoris
328 716 460 764 etiam
489 716 553 763 rei
579 716 763 763 fortuna
787 716 939 762 oblata
966 715 1044 762 est.

189 792 354 837 XXm.
394 787 576 836 Exsul‘es
608 788 662 835 ab
690 787 936 846 Chalcide,
972 786 1200 850 regiorum
1232 786 1407 850 injuriiS

123 863 234 926 pulfi
252 898 267 921 ‚
300 862 582 918 attulerunt,
615 861 832 924 occupari
862 860 1121 908 Chalcidem
1149 861 1238 906 sme
1271 871 1414 907 certa-

123 934 246 981 mine
277 935 373 980 ullo
404 934 554 997 poffe:
586 950 688 981 nam
715 936 764 982 &
792 933 1092 992 Macedonas,
1130 932 1234 996 quia
1262 932 1413 979 nullus

122 1005 170 1054 in
203 1006 473 1070 propinquo
513 1007 565 1052 fit
600 1006 796 1052 hostium
829 1018 971 1054 metus
992 1044 1005 1066 ‚
1039 1006 1193 1070 vagari
1230 1007 1412 1069 paffim,

124 1082 175 1128 &
205 1080 484 1144 oppidanos,
505 1079 711 1142 praefidio
738 1080 1043 1127 Macedonum
1063 1078 1203 1126 fretos
1218 1111 1234 1134 ,
1257 1079 1412 1126 custo-

124 1152 242 1198 diam
279 1151 403 1197 urbis
441 1151 681 1214 negligere.
728 1151 811 1199 His
858 1151 1118 1199 auctoribus
1154 1151 1411 1215 profectus,

119 1242 378 1288 quanquam
409 1225 597 1271 Sunium
632 1224 693 1271 ita
717 1236 888 1271 mature
908 1238 1205 1288 pervenerat,
1234 1236 1285 1272 ut
1307 1225 1415 1271 inde

121 1298 317 1360 provehi
343 1298 398 1344 ad
425 1297 590 1361 primas
614 1298 832 1362 angustias
853 1300 1038 1347 Euboeae
1066 1300 1231 1362 poffet3
1264 1317 1319 1346 ne
1340 1300 1411 1346 su-

122 1382 281 1433 perato
310 1371 634 1433 promontorio
660 1370 1028 1434 conspiceretur,
1056 1372 1231 1419 claffem
1257 1372 1303 1419 in
1324 1372 1411 1421 sta-

123 1444 250 1490 tione
278 1442 421 1506 usque
436 1443 491 1490 ad
511 1445 690 1491 noctem
720 1445 878 1491 tenuit.
909 1444 1065 1492 Primis
1085 1444 1282 1492 tenebris
1306 1463 1410 1491 mo-

122 1517 208 1565 vit.
236 1518 286 1563 &
304 1515 551 1579 tranquillo
574 1517 810 1579 pervectus
831 1518 1121 1578 Chalcidem,
1149 1519 1284 1581 paulo
1307 1532 1411 1565 ante

120 1589 268 1634 lucem
283 1623 300 1646 ,
325 1605 412 1651 qua
430 1586 829 1651 infrequentissima
853 1590 974 1637 urbis
997 1590 1097 1637 sunt
1115 1627 1129 1648 ‚
1152 1591 1302 1652 paucis
1322 1591 1408 1637 mi-

119 1661 274 1707 litibus
293 1662 451 1707 turrim
474 1662 728 1724 proximam
753 1680 1022 1727 murumque
1049 1663 1168 1710 circa
1186 1663 1308 1710 scalis
1331 1680 1408 1711 ce·

120 1735 216 1799 pit,
236 1735 340 1780 alibi
369 1734 525 1798 sopitis
551 1735 836 1796 custodibus,
865 1736 970 1783 alibi
998 1737 1126 1784 nullo
1147 1736 1405 1785 custodien-

120 1820 179 1855 te.
211 1808 427 1871 progreffi
459 1808 562 1854 inde
594 1808 649 1855 ad
676 1808 926 1872 frequentia
955 1809 1152 1857 aedificiis
1177 1810 1304 1870 loca,
1327 1829 1406 1859 cu-

119 1879 321 1926 stodibus
339 1879 602 1938 interfectis,
616 1880 889 1944 refractaque
908 1893 1063 1944 porta,
1081 1893 1269 1930 ceteram
1288 1884 1408 1930 mulo

119 1953 354 2000 titudinem
374 1967 649 2001 armatorum
670 1966 951 2017 acceperunt.
969 1955 1075 2002 Inde
1094 1955 1142 2002 in
1159 1967 1300 2004 totam
1324 1975 1403 2004 ur-

119 2026 221 2071 bem
260 2026 501 2073 discursum
533 2026 629 2080 est,
665 2027 795 2073 aucto
831 2026 963 2073 etiam
1001 2027 1234 2086 tumultu,
1275 2029 1401 2094 quod

119 2098 238 2144 circa
255 2096 404 2143 forum
421 2097 539 2161 ignis
557 2099 680 2146 tectis
703 2098 891 2161 injectus
916 2111 1021 2146 erat.
1045 2101 1401 2165 Conflagrarunt

116 2175 166 2220 &
184 2172 346 2219 horrea
362 2172 506 2235 regia,
527 2174 984 2221 &armamentarium
1006 2192 1110 2222 cum
1129 2176 1301 2239 ingenti
1322 2195 1399 2239 ap-

114 2258 273 2309 paratu
295 2246 607 2293 machinarum
637 2259 1074 2311 tormentorumque.
1111 2250 1254 2296 caede5
1292 2249 1398 2296 inde

113 2319 269 2380 paffim
305 2319 569 2382 fugientium
614 2321 778 2383 pariter
815 2339 866 2369 ac
910 2321 1254 2384 repugnantium
1300 2321 1397 2368 fieri

116 2406 265 2456 coepta
295 2394 370 2441 est.
402 2412 484 2442 nec
505 2395 599 2442 ullo
621 2396 735 2456 jam,
755 2398 832 2463 qui
860 2397 1064 2444 militaris
1093 2395 1233 2441 aetatiss
1261 2395 1396 2453 esset,

113 2483 208 2513 non
234 2478 310 2515 aut
330 2466 445 2516 caeso
460 2503 481 2527 5
498 2480 571 2514 aut
590 2467 772 2532 fugato,
797 2471 990 2532 Sopatro
1011 2468 1139 2514 etiam
1160 2469 1395 2515 Acarnane

1043 2541 1075 2585 P
1111 2557 1142 2598 4
