1592 2724
283 169 845 218 HISTORIARUM
882 172 1009 219 LIB.
1045 173 1238 220 XXXII.
1318 189 1412 238 307

120 288 222 319 rum
245 273 472 320 consulem
490 273 707 335 Bojorum
730 291 860 320 urere
879 292 1009 337 agros
1025 312 1038 333 ,
1058 277 1217 324 seditio
1238 288 1412 326 ext«m⁴

122 346 201 408 plo
223 359 320 391 orta
342 346 416 393 est.
448 346 676 392 postulare
696 345 796 404 Bojj
813 381 827 402 ,
860 359 911 393 ut
937 347 1246 397 laborantibus
1273 369 1412 414 opem

124 418 319 467 universi
342 419 522 466 ferrent.
553 418 753 464 Insubres
773 435 934 481 negare
949 455 963 478 ,
985 420 1025 465 se
1046 420 1121 467 sua
1141 423 1412 475 deserturos.

120 492 182 537 Ita
227 492 381 538 divisae
425 492 571 554 copiae
588 527 601 550 ,
638 489 845 553 Bojisque
889 492 937 537 in
980 509 1131 554 agrum
1172 494 1297 541 suuni
1341 511 1414 544 tu-

118 567 302 615 tandum
332 567 571 629 profestis,
609 565 813 612 Insubres
845 581 945 612 cum
973 567 1250 615 Cenomanis
1283 572 1413 633 super

122 643 264 689 amnis
290 640 451 688 Mincii
475 641 616 703 ripam
643 639 954 686 consederunt.
983 640 1099 686 Infra
1130 658 1230 688 eum
1253 642 1412 691 locum

121 713 323 776 quinque
344 712 480 759 millia
500 712 699 775 passuum
714 750 726 770 ,
752 714 802 760 &
822 713 979 760 consul
999 714 1241 761 Cornelius
1265 716 1413 764 eidem

121 784 298 833 flumini
318 785 453 832 castra
471 786 702 849 applicuit.
735 786 838 832 inde
860 787 1082 832 mittendo
1102 787 1148 833 in
1173 787 1302 836 vicos
1319 791 1414 836 Ce-

121 876 427 906 nomanorum
454 860 771 924 Brixiamque,
798 861 925 922 quod
956 873 1092 923 caput
1122 862 1265 924 gentis
1287 875 1414 923 erat,

120 946 171 980 ut
189 932 289 980 satis
309 934 562 996 comperit,
586 950 679 978 non
702 950 757 979 ex
790 934 1055 980 auctoritate
1087 934 1315 982 seniorum
1337 938 1413 1000 ju-

120 1019 358 1053 ventutem
390 1007 434 1053 in
456 1007 588 1053 armis
609 1006 691 1052 effe
706 1042 719 1062 ,
741 1022 824 1052 nec
854 1007 1040 1068 publico
1070 1008 1261 1054 confilio
1283 1010 1413 1057 Insu—

119 1076 268 1122 brium
291 1075 532 1121 defectioni
560 1076 854 1123 Cenomanos
885 1077 928 1123 se
957 1077 1225 1138 adjunxisse;
1249 1082 1413 1126 excitis

121 1147 177 1194 ad
206 1147 247 1193 se
273 1147 579 1208 principibus,
609 1146 652 1191 id
671 1162 798 1208 agere
826 1163 875 1191 ac
897 1145 1048 1191 moliri
1071 1146 1236 1208 coepit,
1257 1162 1305 1193 ut
1331 1150 1412 1195 de-

121 1219 356 1266 sciscerent
376 1220 431 1265 ab
453 1218 706 1265 Insubribus
722 1217 1005 1276 Cenomani,
1020 1220 1094 1276 &,
1115 1219 1244 1282 signis
1270 1221 1413 1269 subla-

120 1291 202 1348 τὶς,
224 1303 297 1337 aut
317 1291 480 1339 domos
501 1291 723 1347 redirent,
740 1303 813 1336 aut
831 1291 885 1336 ad
907 1291 1141 1339 Romanos
1160 1293 1412 1345 transirent.

121 1363 178 1409 Et
206 1363 251 1408 id
288 1363 467 1426 quidem
508 1362 734 1423 impetrari
768 1362 956 1425 nequiit.
1000 1362 1047 1408 in
1083 1364 1127 1409 id
1161 1364 1259 1411 data
1299 1365 1410 1414 fides

120 1435 295 1481 consuli
326 1434 415 1491 est,
438 1447 486 1480 ut
512 1435 556 1481 in
587 1435 678 1481 acie
700 1447 773 1481 aut
800 1434 1102 1497 quiescerent,
1124 1450 1224 1494 aut,
1257 1436 1288 1483 si
1321 1456 1411 1501 qua

118 1509 252 1556 etiam
276 1509 455 1555 occafio
479 1509 645 1565 fuisset,
661 1507 927 1567 adjuvarent
948 1510 1197 1558 Romanos.
1220 1512 1328 1558 Haec
1349 1513 1411 1560 ita

120 1582 383 1629 convenisse
405 1582 603 1628 Insubres
622 1582 912 1645 ignorabant:
931 1582 1104 1630 suberat
1120 1595 1264 1631 tamen
1285 1603 1410 1648 quae-

119 1655 219 1700 dam
241 1655 433 1717 suspicio
454 1653 639 1708 animis,
657 1655 804 1701 labare
825 1654 956 1701 fidem
976 1655 1217 1703 sociorum.
1238 1660 1409 1720 Itaque,

121 1742 224 1772 cum
244 1726 290 1770 in
326 1726 465 1772 aciem
496 1726 770 1783 eduxissent,
793 1738 1001 1772 neutrum
1024 1727 1077 1772 iis
1099 1744 1244 1774 cornu
1276 1747 1409 1777 com-

120 1799 296 1844 mittere
313 1798 428 1856 aufi,
449 1815 530 1857 ne,
551 1798 580 1844 fi
602 1800 712 1845 dolo
737 1799 952 1846 ceffiffent
967 1836 984 1854 ,,
1000 1817 1092 1846 rem
1113 1814 1256 1847 totam
1277 1802 1411 1849 incli-

122 1884 297 1929 narent,
310 1871 409 1934 post
423 1872 544 1935 figna
555 1872 601 1917 in
618 1872 814 1918 subsidiis
828 1889 906 1919 eos
924 1873 1209 1921 locaverunt.
1231 1875 1409 1923 Consul

120 1943 348 2008 principio
371 1961 532 2008 pugnae
555 1945 691 1991 vovit
714 1945 852 1990 aedem
874 1945 1063 2007 Sospitae
1082 1947 1248 1992 Iunoni
1266 1983 1278 2004 ,
1300 1948 1330 1993 si
1348 1965 1408 1995 eo

120 2017 190 2062 die
208 2015 355 2062 hostes
375 2016 456 2062 fusi
485 2017 714 2081 fugatique
746 2018 897 2064 effent.
931 2020 969 2064 A
991 2019 1212 2066 militibus
1234 2020 1407 2068 clamor

118 2088 341 2144 sublatus,
368 2102 627 2151 compotem
650 2090 751 2135 voti
777 2090 1007 2136 consulem
1037 2091 1077 2136 se
1110 2091 1304 2139 sanares
1322 2129 1334 2149 ,
1358 2095 1409 2140 δε

118 2163 314 2224 impetus
337 2162 382 2208 in
402 2162 551 2208 hostes
574 2163 635 2209 est
661 2164 813 2210 factus.
843 2166 951 2210 Non
980 2165 1179 2210 tulerunt
1204 2166 1407 2212 insubres

118 2236 312 2299 primum
332 2235 616 2281 concursum.
644 2236 824 2299 quidam
846 2239 893 2283 ὃ(
915 2255 939 2283 a
963 2239 1262 2293 Cenomanis,
1284 2250 1407 2301 terga

116 2321 299 2371 repente
328 2307 374 2353 in
404 2307 502 2368 ipso
526 2308 769 2354 certamine
803 2310 1034 2372 aggreffis,
1062 2310 1302 2356 tumultum
1328 2328 1405 2355 an-⁵

118 2381 300 2442 cipitem
328 2379 539 2440 injefitum
570 2382 772 2428 au&ores
803 2383 924 2439 sunt,
952 2382 1152 2446 caesaque
1178 2384 1224 2429 in
1251 2384 1404 2429 medio

115 2452 318 2518 quinque
333 2454 382 2501 &
398 2452 579 2517 triginta
591 2454 731 2502 millia
745 2453 938 2504 hostium
951 2491 966 2516 ,
980 2455 1182 2520 quinque
1200 2454 1338 2502 millia
1355 2458 1406 2504 &

1039 2532 1082 2578 V
1121 2547 1148 2576 20
