<?xml version="1.0" encoding="UTF-8"?>
<!DOCTYPE html PUBLIC "-//W3C//DTD XHTML 1.0 Transitional//EN"
    "http://www.w3.org/TR/xhtml1/DTD/xhtml1-transitional.dtd">
<html xmlns="http://www.w3.org/1999/xhtml" xml:lang="en" lang="en">
 <head>
  <title>
</title>
<meta http-equiv="Content-Type" content="text/html;charset=utf-8" />
  <meta name='ocr-system' content='tesseract 3.04.00' />
  <meta name='ocr-capabilities' content='ocr_page ocr_carea ocr_par ocr_line ocrx_word'/>
</head>
<body>
  <div class='ocr_page' id='page_1' title='image "./historiarumlibri05livyuoft_0043.png"; bbox 0 0 1592 2724; ppageno 0'>
   <div class='ocr_carea' id='block_1_1' title="bbox 285 129 1396 235">
    <p class='ocr_par' dir='ltr' id='par_1_1' title="bbox 285 129 1396 235">
     <span class='ocr_line' id='line_1_1' title="bbox 285 129 1396 235; baseline 0 -21"><span class='ocrx_word' id='word_1_1' title='bbox 285 129 1238 214; x_wconf 32' lang='lat' dir='ltr'>H&#39;isTomARuM‘Lffl.xxviii.</span> <span class='ocrx_word' id='word_1_2' title='bbox 1340 182 1396 235; x_wconf 78' lang='lat'>35</span> 
     </span>
    </p>
   </div>
   <div class='ocr_carea' id='block_1_2' title="bbox 113 273 1421 2455">
    <p class='ocr_par' dir='ltr' id='par_1_2' title="bbox 113 273 1421 2455">
     <span class='ocr_line' id='line_1_2' title="bbox 113 273 1406 339; baseline 0.005 -19"><span class='ocrx_word' id='word_1_3' title='bbox 113 273 338 320; x_wconf 70' lang='lat' dir='ltr'>exercitus</span> <span class='ocrx_word' id='word_1_4' title='bbox 354 291 412 337; x_wconf 72' lang='lat' dir='ltr'>vex</span> <span class='ocrx_word' id='word_1_5' title='bbox 442 275 637 337; x_wconf 84' lang='lat' dir='ltr'>diffipata</span> <span class='ocrx_word' id='word_1_6' title='bbox 662 274 810 337; x_wconf 80' lang='lat' dir='ltr'>paffim</span> <span class='ocrx_word' id='word_1_7' title='bbox 847 274 949 338; x_wconf 77' lang='lat' dir='ltr'>fuga</span> <span class='ocrx_word' id='word_1_8' title='bbox 971 277 1170 339; x_wconf 69' lang='lat' dir='ltr'>reliquiae</span> <span class='ocrx_word' id='word_1_9' title='bbox 1194 280 1406 327; x_wconf 67' lang='lat' dir='ltr'>tumbali-⁴</span> 
     </span>
     <span class='ocr_line' id='line_1_3' title="bbox 115 345 1403 408; baseline 0.006 -17"><span class='ocrx_word' id='word_1_10' title='bbox 115 357 199 393; x_wconf 84' lang='lat' dir='ltr'>tur.</span> <span class='ocrx_word' id='word_1_11' title='bbox 236 345 305 391; x_wconf 88' lang='lat' dir='ltr'>sed</span> <span class='ocrx_word' id='word_1_12' title='bbox 325 347 572 392; x_wconf 74' lang='lat' dir='ltr'>adventum</span> <span class='ocrx_word' id='word_1_13' title='bbox 599 346 828 408; x_wconf 82' lang='lat' dir='ltr'>Scipionis</span> <span class='ocrx_word' id='word_1_14' title='bbox 850 362 1131 408; x_wconf 69' lang='lat' dir='ltr'>praevenerat</span> <span class='ocrx_word' id='word_1_15' title='bbox 1169 349 1282 396; x_wconf 80' lang='lat' dir='ltr'>fama</span> <span class='ocrx_word' id='word_1_16' title='bbox 1315 354 1403 399; x_wconf 75' lang='lat' dir='ltr'>cla-</span> 
     </span>
     <span class='ocr_line' id='line_1_4' title="bbox 117 419 1402 484; baseline 0.006 -20"><span class='ocrx_word' id='word_1_17' title='bbox 117 419 184 465; x_wconf 86' lang='lat' dir='ltr'>dis</span> <span class='ocrx_word' id='word_1_18' title='bbox 213 420 643 484; x_wconf 82' lang='lat' dir='ltr'>Illiturgitanorum‚</span> <span class='ocrx_word' id='word_1_19' title='bbox 668 432 907 483; x_wconf 86' lang='lat' dir='ltr'>terrorque</span> <span class='ocrx_word' id='word_1_20' title='bbox 936 421 1040 467; x_wconf 84' lang='lat' dir='ltr'>inde</span> <span class='ocrx_word' id='word_1_21' title='bbox 1064 439 1114 467; x_wconf 91' lang='lat' dir='ltr'>ac</span> <span class='ocrx_word' id='word_1_22' title='bbox 1151 423 1402 484; x_wconf 73' lang='lat' dir='ltr'>desperatio</span> 
     </span>
     <span class='ocr_line' id='line_1_5' title="bbox 116 490 1404 560; baseline 0.005 -23"><span class='ocrx_word' id='word_1_23' title='bbox 116 490 360 550; x_wconf 80' lang='lat' dir='ltr'>invaserat3</span> <span class='ocrx_word' id='word_1_24' title='bbox 393 496 443 541; x_wconf 89' lang='lat'>&amp;</span> <span class='ocrx_word' id='word_1_25' title='bbox 475 494 521 539; x_wconf 89' lang='lat' dir='ltr'>in</span> <span class='ocrx_word' id='word_1_26' title='bbox 556 493 742 540; x_wconf 84' lang='lat' dir='ltr'>diverfis</span> <span class='ocrx_word' id='word_1_27' title='bbox 775 494 943 551; x_wconf 74' lang='lat' dir='ltr'>causis,</span> <span class='ocrx_word' id='word_1_28' title='bbox 976 511 1077 540; x_wconf 87' lang='lat' dir='ltr'>cum</span> <span class='ocrx_word' id='word_1_29' title='bbox 1105 495 1185 540; x_wconf 82' lang='lat' dir='ltr'>fibi</span> <span class='ocrx_word' id='word_1_30' title='bbox 1218 497 1404 560; x_wconf 73' lang='lat' dir='ltr'>quisque</span> 
     </span>
     <span class='ocr_line' id='line_1_6' title="bbox 119 565 1406 630; baseline 0.006 -21"><span class='ocrx_word' id='word_1_31' title='bbox 119 565 374 612; x_wconf 80' lang='lat' dir='ltr'>consultum</span> <span class='ocrx_word' id='word_1_32' title='bbox 394 566 483 612; x_wconf 88' lang='lat' dir='ltr'>fine</span> <span class='ocrx_word' id='word_1_33' title='bbox 500 566 681 614; x_wconf 86' lang='lat' dir='ltr'>alterius</span> <span class='ocrx_word' id='word_1_34' title='bbox 703 567 902 629; x_wconf 59' lang='lat' dir='ltr'>respectu</span> <span class='ocrx_word' id='word_1_35' title='bbox 922 569 1080 626; x_wconf 85' lang='lat' dir='ltr'>vellet,</span> <span class='ocrx_word' id='word_1_36' title='bbox 1104 570 1252 630; x_wconf 84' lang='lat' dir='ltr'>primo</span> <span class='ocrx_word' id='word_1_37' title='bbox 1270 572 1406 618; x_wconf 87' lang='lat' dir='ltr'>tacita</span> 
     </span>
     <span class='ocr_line' id='line_1_7' title="bbox 119 635 1406 701; baseline 0.006 -18"><span class='ocrx_word' id='word_1_38' title='bbox 119 636 338 700; x_wconf 73' lang='lat' dir='ltr'>suspicio,</span> <span class='ocrx_word' id='word_1_39' title='bbox 357 635 517 684; x_wconf 84' lang='lat' dir='ltr'>deinde</span> <span class='ocrx_word' id='word_1_40' title='bbox 550 651 703 701; x_wconf 87' lang='lat' dir='ltr'>aperta</span> <span class='ocrx_word' id='word_1_41' title='bbox 732 638 950 686; x_wconf 81' lang='lat' dir='ltr'>discordia</span> <span class='ocrx_word' id='word_1_42' title='bbox 978 639 1261 688; x_wconf 82' lang='lat' dir='ltr'>seceffionem</span> <span class='ocrx_word' id='word_1_43' title='bbox 1289 645 1406 691; x_wconf 87' lang='lat' dir='ltr'>inter</span> 
     </span>
     <span class='ocr_line' id='line_1_8' title="bbox 119 710 1406 774; baseline 0.004 -18"><span class='ocrx_word' id='word_1_44' title='bbox 119 710 510 773; x_wconf 73' lang='lat' dir='ltr'>Carthaginienses</span> <span class='ocrx_word' id='word_1_45' title='bbox 543 723 677 773; x_wconf 85' lang='lat' dir='ltr'>atque</span> <span class='ocrx_word' id='word_1_46' title='bbox 710 710 934 774; x_wconf 83' lang='lat' dir='ltr'>Hispanos</span> <span class='ocrx_word' id='word_1_47' title='bbox 966 711 1086 758; x_wconf 86' lang='lat' dir='ltr'>fecit.</span> <span class='ocrx_word' id='word_1_48' title='bbox 1119 713 1199 759; x_wconf 71' lang='lat' dir='ltr'>His</span> <span class='ocrx_word' id='word_1_49' title='bbox 1229 717 1406 761; x_wconf 83' lang='lat' dir='ltr'>Cerdu-</span> 
     </span>
     <span class='ocr_line' id='line_1_9' title="bbox 117 784 1408 846; baseline 0.005 -16"><span class='ocrx_word' id='word_1_50' title='bbox 117 784 261 831; x_wconf 86' lang='lat' dir='ltr'>bellus</span> <span class='ocrx_word' id='word_1_51' title='bbox 281 784 514 846; x_wconf 80' lang='lat' dir='ltr'>propalam</span> <span class='ocrx_word' id='word_1_52' title='bbox 537 784 778 831; x_wconf 74' lang='lat' dir='ltr'>deditionis</span> <span class='ocrx_word' id='word_1_53' title='bbox 797 784 967 831; x_wconf 61' lang='lat' dir='ltr'>auctor.</span> <span class='ocrx_word' id='word_1_54' title='bbox 1004 786 1204 832; x_wconf 84' lang='lat' dir='ltr'>Himilco</span> <span class='ocrx_word' id='word_1_55' title='bbox 1226 790 1408 836; x_wconf 78' lang='lat' dir='ltr'>Punicis</span> 
     </span>
     <span class='ocr_line' id='line_1_10' title="bbox 119 857 1407 920; baseline 0.005 -17"><span class='ocrx_word' id='word_1_56' title='bbox 119 857 413 904; x_wconf 83' lang='lat' dir='ltr'>auxiliaribus</span> <span class='ocrx_word' id='word_1_57' title='bbox 455 869 674 920; x_wconf 77' lang='lat' dir='ltr'>praeerat:</span> <span class='ocrx_word' id='word_1_58' title='bbox 711 873 827 920; x_wconf 82' lang='lat' dir='ltr'>quos</span> <span class='ocrx_word' id='word_1_59' title='bbox 858 857 1128 920; x_wconf 71' lang='lat' dir='ltr'>urbemque,</span> <span class='ocrx_word' id='word_1_60' title='bbox 1166 860 1278 906; x_wconf 69' lang='lat' dir='ltr'>ciam</span> <span class='ocrx_word' id='word_1_61' title='bbox 1319 862 1407 909; x_wconf 75' lang='lat' dir='ltr'>fide</span> 
     </span>
     <span class='ocr_line' id='line_1_11' title="bbox 120 930 1408 993; baseline 0.005 -17"><span class='ocrx_word' id='word_1_62' title='bbox 120 943 332 993; x_wconf 87' lang='lat' dir='ltr'>accepta,</span> <span class='ocrx_word' id='word_1_63' title='bbox 364 930 660 977; x_wconf 79' lang='lat' dir='ltr'>Cerdubellus</span> <span class='ocrx_word' id='word_1_64' title='bbox 698 931 911 976; x_wconf 84' lang='lat' dir='ltr'>Romano</span> <span class='ocrx_word' id='word_1_65' title='bbox 955 932 1121 993; x_wconf 80' lang='lat' dir='ltr'>prodit.</span> <span class='ocrx_word' id='word_1_66' title='bbox 1161 935 1320 979; x_wconf 49' lang='lat' dir='ltr'>&amp;mor</span> <span class='ocrx_word' id='word_1_67' title='bbox 1358 952 1408 982; x_wconf 89' lang='lat' dir='ltr'>ea</span> 
     </span>
     <span class='ocr_line' id='line_1_12' title="bbox 119 1002 1406 1068; baseline 0.003 -18"><span class='ocrx_word' id='word_1_68' title='bbox 119 1002 311 1050; x_wconf 66' lang='lat' dir='ltr'>viCtoria</span> <span class='ocrx_word' id='word_1_69' title='bbox 333 1002 430 1050; x_wconf 85' lang='lat' dir='ltr'>fuit.</span> <span class='ocrx_word' id='word_1_70' title='bbox 461 1019 544 1049; x_wconf 91' lang='lat' dir='ltr'>nec</span> <span class='ocrx_word' id='word_1_71' title='bbox 571 1002 836 1048; x_wconf 80' lang='lat' dir='ltr'>tantundem</span> <span class='ocrx_word' id='word_1_72' title='bbox 862 1020 995 1049; x_wconf 80' lang='lat' dir='ltr'>noxae</span> <span class='ocrx_word' id='word_1_73' title='bbox 1027 1003 1257 1052; x_wconf 69' lang='lat' dir='ltr'>admissitm</span> <span class='ocrx_word' id='word_1_74' title='bbox 1288 1021 1406 1068; x_wconf 83' lang='lat' dir='ltr'>erat,</span> 
     </span>
     <span class='ocr_line' id='line_1_13' title="bbox 121 1075 1276 1139; baseline -0.002 -13"><span class='ocrx_word' id='word_1_75' title='bbox 121 1079 173 1126; x_wconf 88' lang='lat'>&amp;</span> <span class='ocrx_word' id='word_1_76' title='bbox 193 1078 468 1139; x_wconf 81' lang='lat' dir='ltr'>aliquantum</span> <span class='ocrx_word' id='word_1_77' title='bbox 490 1077 566 1121; x_wconf 82' lang='lat' dir='ltr'>irae</span> <span class='ocrx_word' id='word_1_78' title='bbox 589 1075 775 1122; x_wconf 87' lang='lat' dir='ltr'>lenierat</span> <span class='ocrx_word' id='word_1_79' title='bbox 804 1076 1061 1122; x_wconf 80' lang='lat' dir='ltr'>voluntaria</span> <span class='ocrx_word' id='word_1_80' title='bbox 1092 1078 1276 1125; x_wconf 78' lang='lat' dir='ltr'>deditio,</span> 
     </span>
     <span class='ocr_line' id='line_1_14' title="bbox 187 1149 1408 1214; baseline 0.002 -16"><span class='ocrx_word' id='word_1_81' title='bbox 187 1153 313 1198; x_wconf 79' lang='lat' dir='ltr'>XXI.</span> <span class='ocrx_word' id='word_1_82' title='bbox 337 1150 532 1196; x_wconf 80' lang='lat' dir='ltr'>Marcius</span> <span class='ocrx_word' id='word_1_83' title='bbox 557 1149 660 1194; x_wconf 87' lang='lat' dir='ltr'>inde</span> <span class='ocrx_word' id='word_1_84' title='bbox 690 1149 736 1195; x_wconf 89' lang='lat' dir='ltr'>in</span> <span class='ocrx_word' id='word_1_85' title='bbox 764 1149 1003 1207; x_wconf 75' lang='lat' dir='ltr'>barbaros,</span> <span class='ocrx_word' id='word_1_86' title='bbox 1034 1149 1065 1195; x_wconf 84' lang='lat' dir='ltr'>si</span> <span class='ocrx_word' id='word_1_87' title='bbox 1095 1151 1173 1214; x_wconf 87' lang='lat' dir='ltr'>qui</span> <span class='ocrx_word' id='word_1_88' title='bbox 1202 1154 1408 1201; x_wconf 73' lang='lat' dir='ltr'>nondum</span> 
     </span>
     <span class='ocr_line' id='line_1_15' title="bbox 120 1221 1409 1289; baseline 0.003 -19"><span class='ocrx_word' id='word_1_89' title='bbox 120 1224 365 1289; x_wconf 85' lang='lat' dir='ltr'>perdomiti</span> <span class='ocrx_word' id='word_1_90' title='bbox 395 1233 521 1269; x_wconf 84' lang='lat' dir='ltr'>erant</span> <span class='ocrx_word' id='word_1_91' title='bbox 540 1258 552 1279; x_wconf 89' lang='lat'><strong>‚</strong></span> <span class='ocrx_word' id='word_1_92' title='bbox 589 1222 665 1269; x_wconf 88' lang='lat' dir='ltr'>sub</span> <span class='ocrx_word' id='word_1_93' title='bbox 695 1221 763 1283; x_wconf 78' lang='lat' dir='ltr'>jus</span> <span class='ocrx_word' id='word_1_94' title='bbox 794 1223 1104 1286; x_wconf 81' lang='lat' dir='ltr'>ditionemque</span> <span class='ocrx_word' id='word_1_95' title='bbox 1138 1226 1409 1288; x_wconf 64' lang='lat' dir='ltr'>redigendos</span> 
     </span>
     <span class='ocr_line' id='line_1_16' title="bbox 122 1297 1409 1360; baseline 0.002 -15"><span class='ocrx_word' id='word_1_96' title='bbox 122 1298 286 1345; x_wconf 73' lang='lat' dir='ltr'>missus.</span> <span class='ocrx_word' id='word_1_97' title='bbox 311 1297 462 1360; x_wconf 82' lang='lat' dir='ltr'>Scipio</span> <span class='ocrx_word' id='word_1_98' title='bbox 479 1297 820 1359; x_wconf 81' lang='lat' dir='ltr'>Carthaginem,</span> <span class='ocrx_word' id='word_1_99' title='bbox 842 1299 897 1343; x_wconf 86' lang='lat' dir='ltr'>ad</span> <span class='ocrx_word' id='word_1_100' title='bbox 917 1313 1028 1344; x_wconf 86' lang='lat' dir='ltr'>vota</span> <span class='ocrx_word' id='word_1_101' title='bbox 1051 1297 1265 1345; x_wconf 78' lang='lat' dir='ltr'>solvenda</span> <span class='ocrx_word' id='word_1_102' title='bbox 1280 1302 1409 1359; x_wconf 53' lang='lat' dir='ltr'>Dsss,</span> 
     </span>
     <span class='ocr_line' id='line_1_17' title="bbox 124 1370 1412 1433; baseline 0.001 -13"><span class='ocrx_word' id='word_1_103' title='bbox 124 1370 374 1433; x_wconf 80' lang='lat' dir='ltr'>munusque</span> <span class='ocrx_word' id='word_1_104' title='bbox 399 1371 713 1433; x_wconf 80' lang='lat' dir='ltr'>gladiatorium</span> <span class='ocrx_word' id='word_1_105' title='bbox 730 1406 743 1426; x_wconf 90' lang='lat'>,</span> <span class='ocrx_word' id='word_1_106' title='bbox 776 1371 901 1433; x_wconf 84' lang='lat' dir='ltr'>quod</span> <span class='ocrx_word' id='word_1_107' title='bbox 927 1370 1086 1416; x_wconf 84' lang='lat' dir='ltr'>mortis</span> <span class='ocrx_word' id='word_1_108' title='bbox 1115 1371 1242 1418; x_wconf 79' lang='lat' dir='ltr'>causa</span> <span class='ocrx_word' id='word_1_109' title='bbox 1277 1376 1412 1426; x_wconf 83' lang='lat' dir='ltr'>patris</span> 
     </span>
     <span class='ocr_line' id='line_1_18' title="bbox 123 1444 1411 1510; baseline 0 -18"><span class='ocrx_word' id='word_1_110' title='bbox 123 1446 362 1510; x_wconf 81' lang='lat' dir='ltr'>patruique</span> <span class='ocrx_word' id='word_1_111' title='bbox 404 1456 660 1506; x_wconf 84' lang='lat' dir='ltr'>paraverat,</span> <span class='ocrx_word' id='word_1_112' title='bbox 701 1445 921 1490; x_wconf 86' lang='lat' dir='ltr'>edendum</span> <span class='ocrx_word' id='word_1_113' title='bbox 939 1478 954 1500; x_wconf 91' lang='lat'>‚</span> <span class='ocrx_word' id='word_1_114' title='bbox 984 1444 1145 1500; x_wconf 80' lang='lat' dir='ltr'>rediit.¹</span> <span class='ocrx_word' id='word_1_115' title='bbox 1169 1445 1411 1493; x_wconf 82' lang='lat' dir='ltr'>Gladiato-</span> 
     </span>
     <span class='ocr_line' id='line_1_19' title="bbox 126 1516 1412 1579; baseline 0 -14"><span class='ocrx_word' id='word_1_116' title='bbox 126 1519 245 1566; x_wconf 84' lang='lat' dir='ltr'>rium</span> <span class='ocrx_word' id='word_1_117' title='bbox 264 1516 558 1579; x_wconf 60' lang='lat' dir='ltr'>spectaculum</span> <span class='ocrx_word' id='word_1_118' title='bbox 582 1516 666 1562; x_wconf 88' lang='lat' dir='ltr'>fuit</span> <span class='ocrx_word' id='word_1_119' title='bbox 687 1533 781 1564; x_wconf 82' lang='lat' dir='ltr'>non</span> <span class='ocrx_word' id='word_1_120' title='bbox 801 1533 855 1563; x_wconf 80' lang='lat' dir='ltr'>ex</span> <span class='ocrx_word' id='word_1_121' title='bbox 878 1533 934 1562; x_wconf 92' lang='lat' dir='ltr'>eo</span> <span class='ocrx_word' id='word_1_122' title='bbox 957 1533 1115 1579; x_wconf 86' lang='lat' dir='ltr'>genere</span> <span class='ocrx_word' id='word_1_123' title='bbox 1142 1517 1379 1565; x_wconf 83' lang='lat' dir='ltr'>hominum</span> <span class='ocrx_word' id='word_1_124' title='bbox 1395 1555 1412 1578; x_wconf 91' lang='lat'>‚</span> 
     </span>
     <span class='ocr_line' id='line_1_20' title="bbox 125 1588 1415 1654; baseline -0.001 -16"><span class='ocrx_word' id='word_1_125' title='bbox 125 1608 181 1638; x_wconf 83' lang='lat' dir='ltr'>ex</span> <span class='ocrx_word' id='word_1_126' title='bbox 202 1606 294 1654; x_wconf 87' lang='lat' dir='ltr'>quo</span> <span class='ocrx_word' id='word_1_127' title='bbox 317 1588 484 1636; x_wconf 81' lang='lat' dir='ltr'>lanistis</span> <span class='ocrx_word' id='word_1_128' title='bbox 510 1606 771 1651; x_wconf 87' lang='lat' dir='ltr'>comparare</span> <span class='ocrx_word' id='word_1_129' title='bbox 792 1606 891 1635; x_wconf 90' lang='lat' dir='ltr'>mos</span> <span class='ocrx_word' id='word_1_130' title='bbox 913 1589 973 1634; x_wconf 88' lang='lat' dir='ltr'>est</span> <span class='ocrx_word' id='word_1_131' title='bbox 990 1625 1004 1645; x_wconf 88' lang='lat'><strong>‚</strong></span> <span class='ocrx_word' id='word_1_132' title='bbox 1024 1589 1257 1636; x_wconf 82' lang='lat' dir='ltr'>servorum</span> <span class='ocrx_word' id='word_1_133' title='bbox 1276 1627 1287 1647; x_wconf 85' lang='lat'>‚</span> <span class='ocrx_word' id='word_1_134' title='bbox 1311 1592 1415 1652; x_wconf 79' lang='lat' dir='ltr'>qui-</span> 
     </span>
     <span class='ocr_line' id='line_1_21' title="bbox 126 1661 1414 1724; baseline 0.001 -13"><span class='ocrx_word' id='word_1_135' title='bbox 126 1681 187 1711; x_wconf 87' lang='lat' dir='ltr'>ve</span> <span class='ocrx_word' id='word_1_136' title='bbox 222 1662 424 1708; x_wconf 85' lang='lat' dir='ltr'>venalem</span> <span class='ocrx_word' id='word_1_137' title='bbox 454 1662 713 1724; x_wconf 78' lang='lat' dir='ltr'>sanguinem</span> <span class='ocrx_word' id='word_1_138' title='bbox 744 1663 920 1708; x_wconf 88' lang='lat' dir='ltr'>habent.</span> <span class='ocrx_word' id='word_1_139' title='bbox 956 1661 1226 1709; x_wconf 80' lang='lat' dir='ltr'>Voluntaria</span> <span class='ocrx_word' id='word_1_140' title='bbox 1262 1665 1414 1713; x_wconf 85' lang='lat' dir='ltr'>omnis</span> 
     </span>
     <span class='ocr_line' id='line_1_22' title="bbox 126 1735 1410 1800; baseline 0.002 -16"><span class='ocrx_word' id='word_1_141' title='bbox 126 1740 177 1784; x_wconf 87' lang='lat'>&amp;</span> <span class='ocrx_word' id='word_1_142' title='bbox 208 1737 396 1800; x_wconf 83' lang='lat' dir='ltr'>gratuita</span> <span class='ocrx_word' id='word_1_143' title='bbox 428 1750 566 1797; x_wconf 87' lang='lat' dir='ltr'>opera</span> <span class='ocrx_word' id='word_1_144' title='bbox 598 1736 890 1798; x_wconf 85' lang='lat' dir='ltr'>pugnantium</span> <span class='ocrx_word' id='word_1_145' title='bbox 922 1735 1019 1782; x_wconf 81' lang='lat' dir='ltr'>fuit.</span> <span class='ocrx_word' id='word_1_146' title='bbox 1053 1754 1154 1782; x_wconf 88' lang='lat' dir='ltr'>nam</span> <span class='ocrx_word' id='word_1_147' title='bbox 1188 1737 1410 1794; x_wconf 37' lang='lat' dir='ltr'>‘alii&#39;niiffi</span> 
     </span>
     <span class='ocr_line' id='line_1_23' title="bbox 127 1807 1416 1872; baseline 0.002 -16"><span class='ocrx_word' id='word_1_148' title='bbox 127 1810 184 1856; x_wconf 91' lang='lat' dir='ltr'>ab</span> <span class='ocrx_word' id='word_1_149' title='bbox 222 1808 385 1871; x_wconf 75' lang='lat' dir='ltr'>regulis</span> <span class='ocrx_word' id='word_1_150' title='bbox 415 1807 514 1853; x_wconf 85' lang='lat' dir='ltr'>sunt</span> <span class='ocrx_word' id='word_1_151' title='bbox 549 1808 604 1853; x_wconf 87' lang='lat' dir='ltr'>ad</span> <span class='ocrx_word' id='word_1_152' title='bbox 637 1808 860 1870; x_wconf 85' lang='lat' dir='ltr'>specimen</span> <span class='ocrx_word' id='word_1_153' title='bbox 894 1808 1034 1854; x_wconf 82' lang='lat' dir='ltr'>infitae</span> <span class='ocrx_word' id='word_1_154' title='bbox 1072 1809 1193 1872; x_wconf 86' lang='lat' dir='ltr'>genti</span> <span class='ocrx_word' id='word_1_155' title='bbox 1232 1810 1416 1859; x_wconf 80' lang='lat' dir='ltr'>virtutis</span> 
     </span>
     <span class='ocr_line' id='line_1_24' title="bbox 129 1883 1416 1947; baseline 0.002 -16"><span class='ocrx_word' id='word_1_156' title='bbox 129 1885 481 1931; x_wconf 84' lang='lat' dir='ltr'>ostendendum:</span> <span class='ocrx_word' id='word_1_157' title='bbox 519 1884 593 1930; x_wconf 79' lang='lat' dir='ltr'>alii</span> <span class='ocrx_word' id='word_1_158' title='bbox 629 1884 708 1947; x_wconf 82' lang='lat' dir='ltr'>ipsi</span> <span class='ocrx_word' id='word_1_159' title='bbox 742 1884 949 1946; x_wconf 83' lang='lat' dir='ltr'>profeffi,</span> <span class='ocrx_word' id='word_1_160' title='bbox 989 1883 1029 1929; x_wconf 89' lang='lat' dir='ltr'>se</span> <span class='ocrx_word' id='word_1_161' title='bbox 1061 1897 1337 1947; x_wconf 78' lang='lat' dir='ltr'>pugnaturos</span> <span class='ocrx_word' id='word_1_162' title='bbox 1367 1887 1416 1933; x_wconf 83' lang='lat' dir='ltr'>in</span> 
     </span>
     <span class='ocr_line' id='line_1_25' title="bbox 129 1957 1416 2020; baseline 0.002 -18"><span class='ocrx_word' id='word_1_163' title='bbox 129 1957 316 2020; x_wconf 77' lang='lat' dir='ltr'>gratiam</span> <span class='ocrx_word' id='word_1_164' title='bbox 333 1957 482 2003; x_wconf 86' lang='lat' dir='ltr'>ducis:</span> <span class='ocrx_word' id='word_1_165' title='bbox 507 1957 617 2002; x_wconf 84' lang='lat' dir='ltr'>alios</span> <span class='ocrx_word' id='word_1_166' title='bbox 635 1957 862 2002; x_wconf 80' lang='lat' dir='ltr'>aemulatio</span> <span class='ocrx_word' id='word_1_167' title='bbox 885 1957 935 2003; x_wconf 85' lang='lat'>&amp;</span> <span class='ocrx_word' id='word_1_168' title='bbox 959 1965 1182 2002; x_wconf 85' lang='lat' dir='ltr'>certamen</span> <span class='ocrx_word' id='word_1_169' title='bbox 1201 1993 1216 2014; x_wconf 85' lang='grc'>,</span> <span class='ocrx_word' id='word_1_170' title='bbox 1235 1970 1283 2002; x_wconf 90' lang='lat' dir='ltr'>ut</span> <span class='ocrx_word' id='word_1_171' title='bbox 1302 1975 1416 2020; x_wconf 89' lang='lat' dir='ltr'>pro-</span> 
     </span>
     <span class='ocr_line' id='line_1_26' title="bbox 132 2030 1416 2094; baseline 0.002 -18"><span class='ocrx_word' id='word_1_172' title='bbox 132 2043 355 2077; x_wconf 86' lang='lat' dir='ltr'>vocarent</span> <span class='ocrx_word' id='word_1_173' title='bbox 376 2065 390 2088; x_wconf 85' lang='lat'>,</span> <span class='ocrx_word' id='word_1_174' title='bbox 428 2031 759 2094; x_wconf 83' lang='lat' dir='ltr'>provocatique</span> <span class='ocrx_word' id='word_1_175' title='bbox 798 2031 913 2076; x_wconf 88' lang='lat' dir='ltr'>haud</span> <span class='ocrx_word' id='word_1_176' title='bbox 947 2030 1223 2089; x_wconf 77' lang='lat' dir='ltr'>abnuerent,</span> <span class='ocrx_word' id='word_1_177' title='bbox 1264 2033 1416 2079; x_wconf 81' lang='lat' dir='ltr'>traxit.</span> 
     </span>
     <span class='ocr_line' id='line_1_27' title="bbox 133 2102 1418 2169; baseline 0.001 -19"><span class='ocrx_word' id='word_1_178' title='bbox 133 2105 314 2169; x_wconf 74' lang='lat' dir='ltr'>quidam</span> <span class='ocrx_word' id='word_1_179' title='bbox 331 2140 345 2159; x_wconf 91' lang='lat'>‚</span> <span class='ocrx_word' id='word_1_180' title='bbox 376 2121 484 2167; x_wconf 87' lang='lat' dir='ltr'>quas</span> <span class='ocrx_word' id='word_1_181' title='bbox 506 2104 796 2166; x_wconf 85' lang='lat' dir='ltr'>disceptando</span> <span class='ocrx_word' id='word_1_182' title='bbox 821 2102 1150 2150; x_wconf 82' lang='lat' dir='ltr'>controversias</span> <span class='ocrx_word' id='word_1_183' title='bbox 1171 2103 1298 2150; x_wconf 73' lang='lat' dir='ltr'>finire</span> <span class='ocrx_word' id='word_1_184' title='bbox 1336 2123 1418 2151; x_wconf 87' lang='lat' dir='ltr'>ne·-</span> 
     </span>
     <span class='ocr_line' id='line_1_28' title="bbox 133 2174 1420 2240; baseline 0.002 -19"><span class='ocrx_word' id='word_1_185' title='bbox 133 2177 378 2240; x_wconf 79' lang='lat' dir='ltr'>quiverant</span> <span class='ocrx_word' id='word_1_186' title='bbox 396 2211 409 2233; x_wconf 85' lang='lat'><em>‚</em></span> <span class='ocrx_word' id='word_1_187' title='bbox 438 2189 513 2222; x_wconf 84' lang='lat' dir='ltr'>aut</span> <span class='ocrx_word' id='word_1_188' title='bbox 532 2178 770 2224; x_wconf 87' lang='lat' dir='ltr'>noluerant</span> <span class='ocrx_word' id='word_1_189' title='bbox 787 2213 800 2235; x_wconf 89' lang='lat'>,</span> <span class='ocrx_word' id='word_1_190' title='bbox 819 2178 947 2239; x_wconf 65' lang='lat' dir='ltr'>paCto</span> <span class='ocrx_word' id='word_1_191' title='bbox 970 2176 1085 2222; x_wconf 89' lang='lat' dir='ltr'>inter</span> <span class='ocrx_word' id='word_1_192' title='bbox 1105 2174 1169 2231; x_wconf 75' lang='lat' dir='ltr'>se,</span> <span class='ocrx_word' id='word_1_193' title='bbox 1196 2190 1245 2222; x_wconf 91' lang='lat' dir='ltr'>ut</span> <span class='ocrx_word' id='word_1_194' title='bbox 1270 2178 1420 2229; x_wconf 51' lang='grc' dir='ltr'>νίξὶοε</span> 
     </span>
     <span class='ocr_line' id='line_1_29' title="bbox 133 2247 1419 2312; baseline 0.002 -18"><span class='ocrx_word' id='word_1_195' title='bbox 133 2266 228 2295; x_wconf 88' lang='lat' dir='ltr'>rem</span> <span class='ocrx_word' id='word_1_196' title='bbox 253 2265 320 2294; x_wconf 87' lang='lat' dir='ltr'>res</span> <span class='ocrx_word' id='word_1_197' title='bbox 350 2247 602 2310; x_wconf 83' lang='lat' dir='ltr'>sequeretur</span> <span class='ocrx_word' id='word_1_198' title='bbox 620 2285 635 2305; x_wconf 90' lang='lat'><em>‚</em></span> <span class='ocrx_word' id='word_1_199' title='bbox 654 2248 775 2295; x_wconf 88' lang='lat' dir='ltr'>ferro</span> <span class='ocrx_word' id='word_1_200' title='bbox 803 2250 1117 2296; x_wconf 87' lang='lat' dir='ltr'>decreverunt.</span> <span class='ocrx_word' id='word_1_201' title='bbox 1154 2250 1313 2312; x_wconf 83' lang='lat' dir='ltr'>Neque</span> <span class='ocrx_word' id='word_1_202' title='bbox 1335 2252 1419 2296; x_wconf 83' lang='lat' dir='ltr'>ob-</span> 
     </span>
     <span class='ocr_line' id='line_1_30' title="bbox 134 2321 1419 2383; baseline 0 -15"><span class='ocrx_word' id='word_1_203' title='bbox 134 2321 248 2368; x_wconf 81' lang='lat' dir='ltr'>scuri</span> <span class='ocrx_word' id='word_1_204' title='bbox 269 2321 439 2383; x_wconf 81' lang='lat' dir='ltr'>generis</span> <span class='ocrx_word' id='word_1_205' title='bbox 468 2322 676 2369; x_wconf 84' lang='lat' dir='ltr'>homines</span> <span class='ocrx_word' id='word_1_206' title='bbox 695 2358 710 2379; x_wconf 87' lang='lat'>,</span> <span class='ocrx_word' id='word_1_207' title='bbox 740 2322 813 2368; x_wconf 88' lang='lat' dir='ltr'>sed</span> <span class='ocrx_word' id='word_1_208' title='bbox 834 2322 942 2369; x_wconf 86' lang='lat' dir='ltr'>clari</span> <span class='ocrx_word' id='word_1_209' title='bbox 970 2321 1244 2383; x_wconf 70' lang='lat' dir='ltr'>illustresque</span> <span class='ocrx_word' id='word_1_210' title='bbox 1259 2358 1271 2379; x_wconf 91' lang='lat'>,</span> <span class='ocrx_word' id='word_1_211' title='bbox 1293 2322 1419 2368; x_wconf 89' lang='lat' dir='ltr'>Cor-</span> 
     </span>
     <span class='ocr_line' id='line_1_31' title="bbox 135 2393 1421 2455; baseline -0.002 -15"><span class='ocrx_word' id='word_1_212' title='bbox 135 2393 206 2440; x_wconf 86' lang='lat' dir='ltr'>bis</span> <span class='ocrx_word' id='word_1_213' title='bbox 236 2395 284 2441; x_wconf 77' lang='lat'>&amp;</span> <span class='ocrx_word' id='word_1_214' title='bbox 303 2393 446 2440; x_wconf 86' lang='lat' dir='ltr'>Orsua</span> <span class='ocrx_word' id='word_1_215' title='bbox 473 2396 691 2454; x_wconf 85' lang='lat' dir='ltr'>patrueles</span> <span class='ocrx_word' id='word_1_216' title='bbox 713 2393 898 2452; x_wconf 83' lang='lat' dir='ltr'>fratres,</span> <span class='ocrx_word' id='word_1_217' title='bbox 931 2395 985 2439; x_wconf 88' lang='lat' dir='ltr'>de</span> <span class='ocrx_word' id='word_1_218' title='bbox 1012 2393 1268 2455; x_wconf 81' lang='lat' dir='ltr'>principatu</span> <span class='ocrx_word' id='word_1_219' title='bbox 1299 2393 1421 2438; x_wconf 88' lang='lat' dir='ltr'>civi-</span> 
     </span>
    </p>
   </div>
   <div class='ocr_carea' id='block_1_3' title="bbox 134 2464 1420 2585">
    <p class='ocr_par' dir='ltr' id='par_1_3' title="bbox 134 2464 1420 2585">
     <span class='ocr_line' id='line_1_32' title="bbox 134 2464 1420 2531; baseline 0.002 -18"><span class='ocrx_word' id='word_1_220' title='bbox 134 2467 266 2528; x_wconf 80' lang='lat' dir='ltr'>tatis,</span> <span class='ocrx_word' id='word_1_221' title='bbox 300 2484 432 2531; x_wconf 75' lang='lat' dir='ltr'>quani</span> <span class='ocrx_word' id='word_1_222' title='bbox 454 2467 578 2516; x_wconf 84' lang='lat' dir='ltr'>Ibem</span> <span class='ocrx_word' id='word_1_223' title='bbox 598 2469 858 2529; x_wconf 83' lang='lat' dir='ltr'>vocabant,</span> <span class='ocrx_word' id='word_1_224' title='bbox 890 2467 1191 2530; x_wconf 72' lang='lat' dir='ltr'>ambigeiiteS,</span> <span class='ocrx_word' id='word_1_225' title='bbox 1220 2464 1343 2514; x_wconf 83' lang='lat' dir='ltr'>ferro</span> <span class='ocrx_word' id='word_1_226' title='bbox 1376 2465 1420 2515; x_wconf 83' lang='lat' dir='ltr'>se</span> 
     </span>
     <span class='ocr_line' id='line_1_33' title="bbox 1072 2539 1166 2585; baseline -0.011 0"><span class='ocrx_word' id='word_1_227' title='bbox 1072 2539 1112 2585; x_wconf 84' lang='lat' dir='ltr'>C</span> <span class='ocrx_word' id='word_1_228' title='bbox 1143 2555 1166 2584; x_wconf 86' lang='lat'><em>2</em></span> 
     </span>
    </p>
   </div>
  </div>
 </body>
</html>
