1592 2724
0 2401 2 2423 l

227 184 777 237 HISTORIARUM
814 184 943 229 LIB.
980 182 1193 231 XXVIII.
1323 193 1357 243 7

79 293 126 343 in
148 294 393 343 custodiam
420 293 513 341 dati
537 291 635 338 sunt
654 305 664 333 ε
686 287 1020 352 oppidanorum
1051 302 1233 348 quoque
1263 297 1358 333 tre-2

80 367 201 416 centi
218 367 383 424 ferme,
406 366 486 431 qui
507 362 748 412 clauserant
766 371 930 422 portas.
965 358 1120 405 ceteris
1144 359 1356 406 traditum

80 440 326 503 oppidum,
355 441 443 487 suae
468 437 650 485 redditae
682 451 764 481 res.
795 433 1008 480 Cecidere
1036 431 1082 478 in
1111 430 1232 476 urbis
1261 429 1360 488 eius

74 514 426 577 oppugnatione
448 510 639 558 hostium
660 509 751 555 duo
779 506 917 553 millia
939 504 1096 560 ferme;
1118 504 1364 550 Romano-›-

82 599 183 630 rum
210 584 329 630 haud
357 581 543 644 amplius
572 579 831 642 nonaginta.

149 657 224 702 IV.
244 658 364 702 Laeta
388 657 437 702 &
456 654 585 715 ipsis,
606 651 685 715 qui
705 668 795 697 rem
819 649 1004 714 gessere,
1023 648 1143 694 urbis
1164 647 1259 709 e‘jus
1278 663 1361 693 ex·-

84 726 299 791 pugnatio
328 725 438 785 fuit,
468 727 518 773 δεῖ
550 723 812 787 imperatori
842 735 1081 785 ceteroque
1116 719 1361 775 exercitui;

86 799 137 844 &
168 797 416 859 speciosum
456 797 701 843 adventum
737 795 889 852 suum,
925 794 1151 856 ingentem
1185 791 1364 837 turbam

88 870 374 932 captivorum
404 887 496 933 prae
523 870 564 916 se
586 881 785 933 agentes,
810 867 1025 914 fecerunt.
1057 865 1208 927 Scipio
1225 901 1238 923 ,
1262 863 1364 912 col-

88 942 271 990 laudato
293 944 427 991 fratre
440 980 453 1002 ,
478 961 579 991 cum
593 979 607 1001 ‚
625 955 795 1003 quanto
816 952 992 1004 poterat
1011 939 1255 988 verborum
1275 938 1367 984 ho-

91 1032 231 1074 nore,
255 1016 516 1080 Carthagini
545 1016 600 1062 ab
626 1014 666 1061 se
694 1026 834 1077 captae
861 1023 1034 1074 captam
1058 1011 1113 1058 ab
1139 1027 1195 1057 eo
1224 1010 1369 1056 Orin-

95 1089 168 1150 gin
198 1088 425 1151 aequasset,
444 1088 545 1151 quia
574 1090 623 1135 &
646 1087 784 1135 hiems
802 1086 1011 1142 instabat,
1029 1095 1078 1130 ut
1095 1100 1177 1130 nec
1195 1095 1371 1130 tentare

97 1159 273 1214 Gades,
296 1175 379 1205 nec
401 1157 629 1219 disjectum
647 1158 797 1221 paffim
826 1174 903 1220 per
930 1155 1215 1217 provinciam
1237 1171 1368 1201 exer-

98 1231 236 1277 citum
266 1230 550 1277 Hasdrubalis
582 1230 823 1278 conseflari
853 1227 1080 1291 poffet,in
1112 1226 1369 1273 citeriorem

96 1302 354 1365 Hispaniam
385 1319 542 1350 omnes
568 1302 663 1350 suas
691 1300 843 1364 copias
869 1299 1048 1346 reduxit
1070 1317 1081 1345 ε
1104 1298 1372 1362 dimiffisque

96 1374 143 1421 in
175 1375 359 1422 hiberna
388 1376 665 1438 legionibus,
699 1377 748 1421 L.
771 1374 982 1436 Scipione
1011 1372 1146 1418 fratre
1177 1374 1373 1420 Romam

98 1446 226 1494 miffo
241 1483 253 1505 ‚
281 1450 329 1494 δε
349 1449 574 1493 Hannone
601 1445 794 1492 hostium
817 1445 1082 1507 imperatore
1096 1478 1109 1499 ‚
1130 1443 1374 1506 ceterisque

100 1516 329 1566 nobilibus
348 1520 539 1582 captivis
555 1555 570 1576 ‚
586 1518 676 1581 ipse
696 1521 1003 1565 Tarraconem
1025 1515 1253 1563 concessit.
1279 1518 1376 1562 Eo·-

100 1591 200 1637 dem
221 1607 341 1637 anno
363 1590 503 1638 claffis
520 1592 725 1637 Romana
738 1624 752 1646 ‚
770 1588 954 1636 cum‘M.
978 1586 1162 1632 Valerio
1180 1586 1378 1633 Laevino

100 1664 376 1728 proconsule
393 1681 449 1711 ex
467 1664 615 1711 Sicilia
639 1664 687 1710 in
708 1661 904 1709 Africam
922 1659 1185 1717 transmissa,
1207 1658 1252 1704 in
1273 1658 1382 1706 Uti-

104 1738 220 1786 cenfi
238 1738 678 1801 Carthaginiensique
697 1752 804 1799 agro
822 1735 906 1780 late
925 1733 1241 1796 populationes
1261 1731 1383 1781 fecin.

99 1811 314 1858 'extremis
348 1810 511 1857 finibus
542 1806 970 1871 Carthaginiensium
1000 1805 1118 1852 circa
1146 1805 1236 1868 ipsa
1261 1822 1382 1852 moe-

106 1884 183 1930 nia
209 1883 354 1931 Uticae
380 1883 540 1946 praedae
568 1883 673 1928 3&ae
698 1880 812 1926 sunt.
835 1877 1158 1942 Repetentibus
1185 1878 1387 1924 Siciliam

111 1955 249 2002 claffis
272 1956 438 2002 Punica
457 1953 756 2018 (septuaginta
775 1963 900 1997 erant
922 1951 1070 2013 longae
1100 1947 1270 2012 naves)
1299 1964 1388 1996 oc-

110 2028 260 2076 currit,
294 2029 445 2076 decem
476 2030 526 2075 &
554 2030 719 2089 septem
750 2039 886 2072 naves
918 2040 974 2069 ex
1008 2022 1060 2069 iis
1088 2034 1228 2085 captae
1255 2020 1390 2079 sunt,

110 2114 304 2164 quatuor
329 2102 372 2148 in
401 2104 492 2149 alto
515 2101 679 2149 mersae,
707 2112 850 2149 cetera
872 2098 965 2145 fula
987 2114 1036 2144 ac
1067 2096 1213 2160 fugata
1232 2096 1388 2144 clama

112 2175 255 2220 Terra
282 2173 480 2236 marique
501 2174 648 2221 vicl-or
673 2175 906 2219 Romanus
933 2187 1035 2218 cum
1062 2186 1218 2232 magna
1236 2166 1389 2214 omnis

114 2246 287 2310 generis
317 2245 462 2308 pracda
499 2246 751 2309 Lilybaeum
780 2242 954 2306 repetit.
988 2244 1115 2289 Toto
1144 2241 1246 2287 inde
1275 2237 1392 2286 mari

113 2319 246 2382 pulsis
264 2317 457 2364 hostium
479 2318 698 2377 navibus,
717 2316 867 2381 magni
885 2328 1160 2365 commeatus
1176 2309 1391 2360 frumenti

115 2392 306 2438 Romam
338 2389 549 2440 subveffi.

183 2463 241 2510 V.
274 2461 504 2526 Principio
538 2463 691 2512 aestatis
720 2461 846 2527 ejus,
873 2479 961 2528 qua
988 2462 1086 2510 haec
1114 2459 1214 2507 sunt
1242 2454 1395 2522 gesta-3

1037 2536 1081 2584 A.
1109 2549 1140 2592 4
