<?xml version="1.0" encoding="UTF-8"?>
<!DOCTYPE html PUBLIC "-//W3C//DTD XHTML 1.0 Transitional//EN"
    "http://www.w3.org/TR/xhtml1/DTD/xhtml1-transitional.dtd">
<html xmlns="http://www.w3.org/1999/xhtml" xml:lang="en" lang="en">
 <head>
  <title>
</title>
<meta http-equiv="Content-Type" content="text/html;charset=utf-8" />
  <meta name='ocr-system' content='tesseract 3.04.00' />
  <meta name='ocr-capabilities' content='ocr_page ocr_carea ocr_par ocr_line ocrx_word'/>
</head>
<body>
  <div class='ocr_page' id='page_1' title='image "./historiarumlibri05livyuoft_0444.png"; bbox 0 0 1592 2724; ppageno 0'>
   <div class='ocr_carea' id='block_1_1' title="bbox 230 149 1147 208">
    <p class='ocr_par' dir='ltr' id='par_1_1' title="bbox 230 149 1147 208">
     <span class='ocr_line' id='line_1_1' title="bbox 230 149 1147 208; baseline -0.002 -11"><span class='ocrx_word' id='word_1_1' title='bbox 230 151 324 208; x_wconf 69' lang='lat'>428</span> <span class='ocrx_word' id='word_1_2' title='bbox 581 149 1147 196; x_wconf 77' lang='lat' dir='ltr'>T1T1L1V11</span> 
     </span>
    </p>
   </div>
   <div class='ocr_carea' id='block_1_2' title="bbox 228 253 1527 2511">
    <p class='ocr_par' dir='ltr' id='par_1_2' title="bbox 228 253 1522 1557">
     <span class='ocr_line' id='line_1_2' title="bbox 231 253 1515 314; baseline -0.001 -12"><span class='ocrx_word' id='word_1_3' title='bbox 231 268 328 313; x_wconf 71' lang='lat' dir='ltr'>rat,</span> <span class='ocrx_word' id='word_1_4' title='bbox 350 255 579 304; x_wconf 87' lang='lat' dir='ltr'>coloniam</span> <span class='ocrx_word' id='word_1_5' title='bbox 602 257 772 304; x_wconf 87' lang='lat' dir='ltr'>civium</span> <span class='ocrx_word' id='word_1_6' title='bbox 801 258 1113 303; x_wconf 83' lang='lat' dir='ltr'>Romanorum</span> <span class='ocrx_word' id='word_1_7' title='bbox 1147 254 1221 302; x_wconf 86' lang='lat' dir='ltr'>alii</span> <span class='ocrx_word' id='word_1_8' title='bbox 1255 253 1515 314; x_wconf 62' lang='lat' dir='ltr'>triumviri,¹</span> 
     </span>
     <span class='ocr_line' id='line_1_3' title="bbox 230 329 1515 392; baseline 0 -16"><span class='ocrx_word' id='word_1_9' title='bbox 230 331 295 376; x_wconf 84' lang='lat' dir='ltr'>D.</span> <span class='ocrx_word' id='word_1_10' title='bbox 323 329 476 376; x_wconf 83' lang='lat' dir='ltr'>Junius</span> <span class='ocrx_word' id='word_1_11' title='bbox 497 332 682 388; x_wconf 84' lang='lat' dir='ltr'>Brutus,</span> <span class='ocrx_word' id='word_1_12' title='bbox 714 332 777 377; x_wconf 89' lang='lat' dir='ltr'>M.</span> <span class='ocrx_word' id='word_1_13' title='bbox 798 329 970 376; x_wconf 79' lang='lat' dir='ltr'>Baebius</span> <span class='ocrx_word' id='word_1_14' title='bbox 993 330 1257 392; x_wconf 81' lang='lat' dir='ltr'>Tamphilus</span> <span class='ocrx_word' id='word_1_15' title='bbox 1272 365 1285 388; x_wconf 91' lang='lat'>‚</span> <span class='ocrx_word' id='word_1_16' title='bbox 1306 331 1370 376; x_wconf 89' lang='lat' dir='ltr'>M.</span> <span class='ocrx_word' id='word_1_17' title='bbox 1401 329 1515 376; x_wconf 87' lang='lat' dir='ltr'>Hel-</span> 
     </span>
     <span class='ocr_line' id='line_1_4' title="bbox 230 400 1515 463; baseline -0.001 -15"><span class='ocrx_word' id='word_1_18' title='bbox 230 402 334 448; x_wconf 79' lang='lat' dir='ltr'>vius</span> <span class='ocrx_word' id='word_1_19' title='bbox 363 402 658 455; x_wconf 79' lang='lat' dir='ltr'>deduxerunt.</span> <span class='ocrx_word' id='word_1_20' title='bbox 690 400 924 463; x_wconf 77' lang='lat' dir='ltr'>Tempsam</span> <span class='ocrx_word' id='word_1_21' title='bbox 952 401 1057 446; x_wconf 86' lang='lat' dir='ltr'>item</span> <span class='ocrx_word' id='word_1_22' title='bbox 1087 404 1136 449; x_wconf 70' lang='grc' dir='ltr'>ὅ(</span> <span class='ocrx_word' id='word_1_23' title='bbox 1166 405 1419 448; x_wconf 85' lang='lat' dir='ltr'>Crotonem</span> <span class='ocrx_word' id='word_1_24' title='bbox 1452 400 1515 448; x_wconf 78' lang='lat' dir='ltr'>ci-</span> 
     </span>
     <span class='ocr_line' id='line_1_5' title="bbox 230 473 1516 536; baseline 0 -16"><span class='ocrx_word' id='word_1_25' title='bbox 230 474 359 520; x_wconf 90' lang='lat' dir='ltr'>vium</span> <span class='ocrx_word' id='word_1_26' title='bbox 397 475 712 521; x_wconf 87' lang='lat' dir='ltr'>Romanorum</span> <span class='ocrx_word' id='word_1_27' title='bbox 754 473 951 519; x_wconf 84' lang='lat' dir='ltr'>coloniae</span> <span class='ocrx_word' id='word_1_28' title='bbox 989 474 1201 522; x_wconf 70' lang='lat' dir='ltr'>dedu&amp;ae.</span> <span class='ocrx_word' id='word_1_29' title='bbox 1239 473 1516 536; x_wconf 75' lang='lat' dir='ltr'>Tempsanus</span> 
     </span>
     <span class='ocr_line' id='line_1_6' title="bbox 230 547 1516 610; baseline 0.001 -18"><span class='ocrx_word' id='word_1_30' title='bbox 230 563 331 610; x_wconf 84' lang='lat' dir='ltr'>ager</span> <span class='ocrx_word' id='word_1_31' title='bbox 360 547 412 593; x_wconf 91' lang='lat' dir='ltr'>de</span> <span class='ocrx_word' id='word_1_32' title='bbox 444 547 626 593; x_wconf 84' lang='lat' dir='ltr'>Bruttiis</span> <span class='ocrx_word' id='word_1_33' title='bbox 652 558 808 608; x_wconf 85' lang='lat' dir='ltr'>captus</span> <span class='ocrx_word' id='word_1_34' title='bbox 828 558 950 594; x_wconf 85' lang='lat' dir='ltr'>erat:</span> <span class='ocrx_word' id='word_1_35' title='bbox 969 548 1130 594; x_wconf 87' lang='lat' dir='ltr'>Bruttii</span> <span class='ocrx_word' id='word_1_36' title='bbox 1161 550 1350 596; x_wconf 76' lang='lat' dir='ltr'>Graecos</span> <span class='ocrx_word' id='word_1_37' title='bbox 1368 564 1516 609; x_wconf 82' lang='lat' dir='ltr'>expu-</span> 
     </span>
     <span class='ocr_line' id='line_1_7' title="bbox 228 618 1510 668; baseline 0.003 -4"><span class='ocrx_word' id='word_1_38' title='bbox 228 618 385 664; x_wconf 82' lang='lat' dir='ltr'>lerant.</span> <span class='ocrx_word' id='word_1_39' title='bbox 413 619 665 665; x_wconf 79' lang='lat' dir='ltr'>Crotonem</span> <span class='ocrx_word' id='word_1_40' title='bbox 696 618 846 664; x_wconf 81' lang='lat' dir='ltr'>Graeci</span> <span class='ocrx_word' id='word_1_41' title='bbox 870 618 1105 666; x_wconf 84' lang='lat' dir='ltr'><strong>habebant.</strong></span> <span class='ocrx_word' id='word_1_42' title='bbox 1140 618 1396 668; x_wconf 81' lang='lat' dir='ltr'>Triumviri</span> <span class='ocrx_word' id='word_1_43' title='bbox 1423 621 1510 668; x_wconf 87' lang='lat' dir='ltr'>Cn.</span> 
     </span>
     <span class='ocr_line' id='line_1_8' title="bbox 230 689 1514 747; baseline 0 -11"><span class='ocrx_word' id='word_1_44' title='bbox 230 689 481 747; x_wconf 66' lang='lat' dir='ltr'>Getavius,</span> <span class='ocrx_word' id='word_1_45' title='bbox 509 691 557 735; x_wconf 88' lang='lat' dir='ltr'>L.</span> <span class='ocrx_word' id='word_1_46' title='bbox 578 689 784 736; x_wconf 79' lang='lat' dir='ltr'>AEmilius</span> <span class='ocrx_word' id='word_1_47' title='bbox 812 689 1019 746; x_wconf 82' lang='lat' dir='ltr'>Paullus,</span> <span class='ocrx_word' id='word_1_48' title='bbox 1051 692 1105 737; x_wconf 88' lang='lat' dir='ltr'>C.</span> <span class='ocrx_word' id='word_1_49' title='bbox 1128 690 1361 738; x_wconf 83' lang='lat' dir='ltr'>Plaetorius</span> <span class='ocrx_word' id='word_1_50' title='bbox 1390 692 1514 737; x_wconf 86' lang='lat' dir='ltr'>Cro-</span> 
     </span>
     <span class='ocr_line' id='line_1_9' title="bbox 229 761 1517 824; baseline 0.002 -16"><span class='ocrx_word' id='word_1_51' title='bbox 229 773 416 817; x_wconf 74' lang='lat' dir='ltr'>tonem3</span> <span class='ocrx_word' id='word_1_52' title='bbox 438 761 674 824; x_wconf 79' lang='lat' dir='ltr'>Tempsam</span> <span class='ocrx_word' id='word_1_53' title='bbox 703 764 750 808; x_wconf 92' lang='lat' dir='ltr'>L.</span> <span class='ocrx_word' id='word_1_54' title='bbox 772 761 1014 808; x_wconf 88' lang='lat' dir='ltr'>Cornelius</span> <span class='ocrx_word' id='word_1_55' title='bbox 1045 765 1219 810; x_wconf 82' lang='lat' dir='ltr'>Merula</span> <span class='ocrx_word' id='word_1_56' title='bbox 1245 765 1294 811; x_wconf 84' lang='lat'>&amp;</span> <span class='ocrx_word' id='word_1_57' title='bbox 1314 766 1367 811; x_wconf 91' lang='lat' dir='ltr'>C.</span> <span class='ocrx_word' id='word_1_58' title='bbox 1387 764 1517 810; x_wconf 79' lang='lat' dir='ltr'>Salo-‘</span> 
     </span>
     <span class='ocr_line' id='line_1_10' title="bbox 230 833 1517 898; baseline 0.002 -18"><span class='ocrx_word' id='word_1_59' title='bbox 230 835 333 880; x_wconf 82' lang='lat' dir='ltr'>nius</span> <span class='ocrx_word' id='word_1_60' title='bbox 352 834 649 881; x_wconf 76' lang='lat' dir='ltr'>deduxerunt.</span> <span class='ocrx_word' id='word_1_61' title='bbox 673 833 882 898; x_wconf 75' lang='lat' dir='ltr'>Prodigia</span> <span class='ocrx_word' id='word_1_62' title='bbox 901 851 1084 898; x_wconf 86' lang='lat' dir='ltr'>quoque</span> <span class='ocrx_word' id='word_1_63' title='bbox 1102 836 1185 882; x_wconf 87' lang='lat' dir='ltr'>alia</span> <span class='ocrx_word' id='word_1_64' title='bbox 1206 835 1301 883; x_wconf 86' lang='lat' dir='ltr'>visa</span> <span class='ocrx_word' id='word_1_65' title='bbox 1322 854 1375 883; x_wconf 81' lang='lat' dir='ltr'>eo</span> <span class='ocrx_word' id='word_1_66' title='bbox 1395 852 1517 883; x_wconf 81' lang='lat' dir='ltr'>anno</span> 
     </span>
     <span class='ocr_line' id='line_1_11' title="bbox 231 908 1519 969; baseline 0.004 -14"><span class='ocrx_word' id='word_1_67' title='bbox 231 912 394 956; x_wconf 80' lang='lat' dir='ltr'>Romae</span> <span class='ocrx_word' id='word_1_68' title='bbox 413 909 513 956; x_wconf 89' lang='lat' dir='ltr'>sunt</span> <span class='ocrx_word' id='word_1_69' title='bbox 528 947 541 967; x_wconf 88' lang='lat'>‚</span> <span class='ocrx_word' id='word_1_70' title='bbox 563 909 648 956; x_wconf 90' lang='lat' dir='ltr'>alia</span> <span class='ocrx_word' id='word_1_71' title='bbox 668 908 886 957; x_wconf 86' lang='lat' dir='ltr'>nuntiata.</span> <span class='ocrx_word' id='word_1_72' title='bbox 917 912 966 956; x_wconf 90' lang='lat' dir='ltr'>In</span> <span class='ocrx_word' id='word_1_73' title='bbox 989 909 1093 957; x_wconf 90' lang='lat' dir='ltr'>foro</span> <span class='ocrx_word' id='word_1_74' title='bbox 1109 947 1126 969; x_wconf 60' lang='lat'>2</span> <span class='ocrx_word' id='word_1_75' title='bbox 1156 912 1205 958; x_wconf 70' lang='grc' dir='ltr'>δε</span> <span class='ocrx_word' id='word_1_76' title='bbox 1224 912 1413 958; x_wconf 81' lang='lat' dir='ltr'>comitio</span> <span class='ocrx_word' id='word_1_77' title='bbox 1431 944 1446 968; x_wconf 90' lang='lat'>,</span> <span class='ocrx_word' id='word_1_78' title='bbox 1467 913 1519 960; x_wconf 63' lang='grc' dir='ltr'>δέ</span> 
     </span>
     <span class='ocr_line' id='line_1_12' title="bbox 230 982 1521 1046; baseline 0.002 -18"><span class='ocrx_word' id='word_1_79' title='bbox 230 982 470 1046; x_wconf 85' lang='lat' dir='ltr'>Capitolio</span> <span class='ocrx_word' id='word_1_80' title='bbox 503 982 724 1046; x_wconf 77' lang='lat' dir='ltr'>sanguinis</span> <span class='ocrx_word' id='word_1_81' title='bbox 758 994 894 1046; x_wconf 84' lang='lat' dir='ltr'>guttae</span> <span class='ocrx_word' id='word_1_82' title='bbox 922 982 1030 1029; x_wconf 78' lang='lat' dir='ltr'>visae</span> <span class='ocrx_word' id='word_1_83' title='bbox 1057 983 1186 1030; x_wconf 87' lang='lat' dir='ltr'>sunt:</span> <span class='ocrx_word' id='word_1_84' title='bbox 1212 985 1262 1031; x_wconf 71' lang='grc' dir='ltr'>δε</span> <span class='ocrx_word' id='word_1_85' title='bbox 1290 995 1405 1030; x_wconf 80' lang='lat' dir='ltr'>terra</span> <span class='ocrx_word' id='word_1_86' title='bbox 1436 984 1521 1030; x_wconf 87' lang='lat' dir='ltr'>ali-</span> 
     </span>
     <span class='ocr_line' id='line_1_13' title="bbox 233 1055 1520 1120; baseline 0 -17"><span class='ocrx_word' id='word_1_87' title='bbox 233 1055 417 1120; x_wconf 81' lang='lat' dir='ltr'>quoties</span> <span class='ocrx_word' id='word_1_88' title='bbox 448 1055 594 1118; x_wconf 89' lang='lat' dir='ltr'>pluit:</span> <span class='ocrx_word' id='word_1_89' title='bbox 627 1058 676 1103; x_wconf 86' lang='lat'>&amp;</span> <span class='ocrx_word' id='word_1_90' title='bbox 710 1068 845 1118; x_wconf 86' lang='lat' dir='ltr'>caput</span> <span class='ocrx_word' id='word_1_91' title='bbox 880 1056 1075 1104; x_wconf 78' lang='lat' dir='ltr'>Vulcani</span> <span class='ocrx_word' id='word_1_92' title='bbox 1103 1057 1218 1104; x_wconf 72' lang='lat' dir='ltr'>arsit.</span> <span class='ocrx_word' id='word_1_93' title='bbox 1252 1057 1520 1104; x_wconf 75' lang='lat' dir='ltr'>Nuntiatum</span> 
     </span>
     <span class='ocr_line' id='line_1_14' title="bbox 233 1129 1522 1193; baseline 0.001 -17"><span class='ocrx_word' id='word_1_94' title='bbox 233 1129 325 1187; x_wconf 79' lang='lat' dir='ltr'>est,</span> <span class='ocrx_word' id='word_1_95' title='bbox 355 1131 474 1177; x_wconf 88' lang='lat' dir='ltr'>Nare</span> <span class='ocrx_word' id='word_1_96' title='bbox 500 1130 619 1177; x_wconf 89' lang='lat' dir='ltr'>amni</span> <span class='ocrx_word' id='word_1_97' title='bbox 645 1130 712 1177; x_wconf 91' lang='lat' dir='ltr'>lac</span> <span class='ocrx_word' id='word_1_98' title='bbox 742 1129 940 1176; x_wconf 71' lang='lat' dir='ltr'>fluxisse:</span> <span class='ocrx_word' id='word_1_99' title='bbox 968 1146 1131 1192; x_wconf 87' lang='lat' dir='ltr'>pueros</span> <span class='ocrx_word' id='word_1_100' title='bbox 1161 1129 1381 1193; x_wconf 81' lang='lat' dir='ltr'>ingenuos</span> <span class='ocrx_word' id='word_1_101' title='bbox 1416 1130 1522 1177; x_wconf 80' lang='lat' dir='ltr'>Ari-</span> 
     </span>
     <span class='ocr_line' id='line_1_15' title="bbox 234 1202 1520 1267; baseline 0.002 -19"><span class='ocrx_word' id='word_1_102' title='bbox 234 1203 349 1249; x_wconf 88' lang='lat' dir='ltr'>mini</span> <span class='ocrx_word' id='word_1_103' title='bbox 380 1203 472 1256; x_wconf 79' lang='lat' dir='ltr'>sine</span> <span class='ocrx_word' id='word_1_104' title='bbox 506 1203 650 1251; x_wconf 85' lang='lat' dir='ltr'>oculis</span> <span class='ocrx_word' id='word_1_105' title='bbox 684 1220 736 1250; x_wconf 90' lang='lat' dir='ltr'>ac</span> <span class='ocrx_word' id='word_1_106' title='bbox 761 1202 898 1266; x_wconf 22' lang='lat' dir='ltr'>naso-3</span> <span class='ocrx_word' id='word_1_107' title='bbox 930 1204 978 1249; x_wconf 88' lang='lat'>&amp;</span> <span class='ocrx_word' id='word_1_108' title='bbox 1008 1202 1054 1249; x_wconf 86' lang='lat' dir='ltr'>in</span> <span class='ocrx_word' id='word_1_109' title='bbox 1087 1203 1254 1249; x_wconf 78' lang='lat' dir='ltr'>Piceno</span> <span class='ocrx_word' id='word_1_110' title='bbox 1282 1220 1390 1267; x_wconf 88' lang='lat' dir='ltr'>agro</span> <span class='ocrx_word' id='word_1_111' title='bbox 1422 1220 1520 1250; x_wconf 88' lang='lat' dir='ltr'>non</span> 
     </span>
     <span class='ocr_line' id='line_1_16' title="bbox 233 1277 1518 1342; baseline 0.002 -21"><span class='ocrx_word' id='word_1_112' title='bbox 233 1293 420 1335; x_wconf 80' lang='lat' dir='ltr'>manus,</span> <span class='ocrx_word' id='word_1_113' title='bbox 450 1295 545 1324; x_wconf 87' lang='lat' dir='ltr'>non</span> <span class='ocrx_word' id='word_1_114' title='bbox 581 1277 714 1341; x_wconf 86' lang='lat' dir='ltr'>pedes</span> <span class='ocrx_word' id='word_1_115' title='bbox 741 1277 979 1324; x_wconf 76' lang='lat' dir='ltr'>habentem</span> <span class='ocrx_word' id='word_1_116' title='bbox 1020 1289 1188 1324; x_wconf 75' lang='lat' dir='ltr'>natum.</span> <span class='ocrx_word' id='word_1_117' title='bbox 1224 1294 1274 1324; x_wconf 87' lang='lat' dir='ltr'>ea</span> <span class='ocrx_word' id='word_1_118' title='bbox 1310 1278 1518 1342; x_wconf 83' lang='lat' dir='ltr'>prodigia</span> 
     </span>
     <span class='ocr_line' id='line_1_17' title="bbox 234 1349 1521 1412; baseline 0.003 -18"><span class='ocrx_word' id='word_1_119' title='bbox 234 1365 294 1395; x_wconf 70' lang='lat' dir='ltr'>ex</span> <span class='ocrx_word' id='word_1_120' title='bbox 338 1349 606 1412; x_wconf 83' lang='lat' dir='ltr'>pontificum</span> <span class='ocrx_word' id='word_1_121' title='bbox 640 1352 821 1397; x_wconf 85' lang='lat' dir='ltr'>decreto</span> <span class='ocrx_word' id='word_1_122' title='bbox 860 1362 1113 1412; x_wconf 83' lang='lat' dir='ltr'>procurata.</span> <span class='ocrx_word' id='word_1_123' title='bbox 1164 1353 1220 1396; x_wconf 90' lang='lat' dir='ltr'>Et</span> <span class='ocrx_word' id='word_1_124' title='bbox 1254 1349 1521 1398; x_wconf 81' lang='lat' dir='ltr'>sacrificium</span> 
     </span>
     <span class='ocr_line' id='line_1_18' title="bbox 234 1421 1521 1485; baseline 0.002 -18"><span class='ocrx_word' id='word_1_125' title='bbox 234 1421 508 1469; x_wconf 86' lang='lat' dir='ltr'>novendiale</span> <span class='ocrx_word' id='word_1_126' title='bbox 541 1423 732 1478; x_wconf 61' lang='lat' dir='ltr'>saelum,</span> <span class='ocrx_word' id='word_1_127' title='bbox 766 1422 892 1485; x_wconf 88' lang='lat' dir='ltr'>quod</span> <span class='ocrx_word' id='word_1_128' title='bbox 928 1422 1142 1469; x_wconf 89' lang='lat' dir='ltr'>Hadriani</span> <span class='ocrx_word' id='word_1_129' title='bbox 1170 1422 1521 1479; x_wconf 85' lang='lat' dir='ltr'>nuntiaverant,</span> 
     </span>
     <span class='ocr_line' id='line_1_19' title="bbox 234 1494 941 1557; baseline 0.001 -17"><span class='ocrx_word' id='word_1_130' title='bbox 234 1494 281 1540; x_wconf 88' lang='lat' dir='ltr'>in</span> <span class='ocrx_word' id='word_1_131' title='bbox 300 1511 408 1557; x_wconf 88' lang='lat' dir='ltr'>agro</span> <span class='ocrx_word' id='word_1_132' title='bbox 430 1495 509 1541; x_wconf 84' lang='lat' dir='ltr'>suo</span> <span class='ocrx_word' id='word_1_133' title='bbox 531 1495 749 1557; x_wconf 75' lang='lat' dir='ltr'>lapidibus</span> <span class='ocrx_word' id='word_1_134' title='bbox 769 1494 941 1557; x_wconf 82' lang='lat' dir='ltr'>pluiffe.</span> 
     </span>
    </p>

    <p class='ocr_par' dir='ltr' id='par_1_3' title="bbox 236 1565 1527 2511">
     <span class='ocr_line' id='line_1_20' title="bbox 299 1565 1522 1630; baseline -0.001 -16"><span class='ocrx_word' id='word_1_135' title='bbox 299 1569 460 1616; x_wconf 85' lang='lat' dir='ltr'><strong>XLVI.</strong></span> <span class='ocrx_word' id='word_1_136' title='bbox 492 1570 540 1614; x_wconf 85' lang='lat' dir='ltr'>In</span> <span class='ocrx_word' id='word_1_137' title='bbox 576 1568 723 1615; x_wconf 89' lang='lat' dir='ltr'>Gallia</span> <span class='ocrx_word' id='word_1_138' title='bbox 752 1569 800 1614; x_wconf 92' lang='lat' dir='ltr'>L.</span> <span class='ocrx_word' id='word_1_139' title='bbox 831 1565 1034 1614; x_wconf 86' lang='lat' dir='ltr'>Valerius</span> <span class='ocrx_word' id='word_1_140' title='bbox 1063 1566 1246 1614; x_wconf 85' lang='lat' dir='ltr'>Flaccus</span> <span class='ocrx_word' id='word_1_141' title='bbox 1270 1566 1522 1630; x_wconf 83' lang='lat' dir='ltr'>proconsul</span> 
     </span>
     <span class='ocr_line' id='line_1_21' title="bbox 237 1638 1521 1701; baseline -0.003 -13"><span class='ocrx_word' id='word_1_142' title='bbox 237 1639 357 1688; x_wconf 82' lang='lat' dir='ltr'>circa</span> <span class='ocrx_word' id='word_1_143' title='bbox 382 1640 694 1687; x_wconf 85' lang='lat' dir='ltr'>Mediolanum</span> <span class='ocrx_word' id='word_1_144' title='bbox 715 1656 816 1687; x_wconf 87' lang='lat' dir='ltr'>cum</span> <span class='ocrx_word' id='word_1_145' title='bbox 839 1638 980 1686; x_wconf 86' lang='lat' dir='ltr'>Gallis</span> <span class='ocrx_word' id='word_1_146' title='bbox 1001 1638 1282 1698; x_wconf 82' lang='lat' dir='ltr'>Insubribus,</span> <span class='ocrx_word' id='word_1_147' title='bbox 1302 1641 1351 1688; x_wconf 73' lang='grc' dir='ltr'>δε</span> <span class='ocrx_word' id='word_1_148' title='bbox 1368 1638 1490 1701; x_wconf 77' lang='lat' dir='ltr'>Bojis</span> <span class='ocrx_word' id='word_1_149' title='bbox 1504 1673 1521 1697; x_wconf 84' lang='lat'><em>‚</em></span> 
     </span>
     <span class='ocr_line' id='line_1_22' title="bbox 236 1704 1522 1777; baseline -0.001 -17"><span class='ocrx_word' id='word_1_150' title='bbox 236 1714 317 1777; x_wconf 78' lang='lat' dir='ltr'>qui</span> <span class='ocrx_word' id='word_1_151' title='bbox 339 1713 578 1762; x_wconf 87' lang='lat' dir='ltr'>Dorulaco</span> <span class='ocrx_word' id='word_1_152' title='bbox 598 1713 712 1760; x_wconf 90' lang='lat' dir='ltr'>duce</span> <span class='ocrx_word' id='word_1_153' title='bbox 731 1712 785 1759; x_wconf 89' lang='lat' dir='ltr'>ad</span> <span class='ocrx_word' id='word_1_154' title='bbox 801 1704 1112 1760; x_wconf 38' lang='lat' dir='ltr'>&#39;concitandos</span> <span class='ocrx_word' id='word_1_155' title='bbox 1136 1711 1335 1759; x_wconf 87' lang='lat' dir='ltr'>Insubres</span> <span class='ocrx_word' id='word_1_156' title='bbox 1354 1712 1522 1759; x_wconf 87' lang='lat' dir='ltr'>Padum</span> 
     </span>
     <span class='ocr_line' id='line_1_23' title="bbox 238 1785 1523 1852; baseline -0.002 -17"><span class='ocrx_word' id='word_1_157' title='bbox 238 1787 486 1852; x_wconf 83' lang='lat' dir='ltr'>transgreffi</span> <span class='ocrx_word' id='word_1_158' title='bbox 513 1799 666 1846; x_wconf 85' lang='lat' dir='ltr'>erant,</span> <span class='ocrx_word' id='word_1_159' title='bbox 690 1786 821 1852; x_wconf 79' lang='lat' dir='ltr'>signis</span> <span class='ocrx_word' id='word_1_160' title='bbox 847 1785 1020 1834; x_wconf 88' lang='lat' dir='ltr'>collatis</span> <span class='ocrx_word' id='word_1_161' title='bbox 1045 1785 1334 1849; x_wconf 87' lang='lat' dir='ltr'>depugnavit.</span> <span class='ocrx_word' id='word_1_162' title='bbox 1368 1785 1523 1832; x_wconf 86' lang='lat' dir='ltr'>decem</span> 
     </span>
     <span class='ocr_line' id='line_1_24' title="bbox 238 1858 1525 1922; baseline -0.001 -15"><span class='ocrx_word' id='word_1_163' title='bbox 238 1861 379 1908; x_wconf 88' lang='lat' dir='ltr'>millia</span> <span class='ocrx_word' id='word_1_164' title='bbox 399 1860 598 1907; x_wconf 89' lang='lat' dir='ltr'>hostium</span> <span class='ocrx_word' id='word_1_165' title='bbox 619 1861 718 1908; x_wconf 90' lang='lat' dir='ltr'>sunt</span> <span class='ocrx_word' id='word_1_166' title='bbox 747 1859 868 1908; x_wconf 82' lang='lat' dir='ltr'>caesa.</span> <span class='ocrx_word' id='word_1_167' title='bbox 894 1861 977 1906; x_wconf 89' lang='lat' dir='ltr'>Per</span> <span class='ocrx_word' id='word_1_168' title='bbox 1007 1875 1086 1905; x_wconf 91' lang='lat' dir='ltr'>eos</span> <span class='ocrx_word' id='word_1_169' title='bbox 1113 1860 1204 1905; x_wconf 88' lang='lat' dir='ltr'>dies</span> <span class='ocrx_word' id='word_1_170' title='bbox 1227 1859 1400 1922; x_wconf 83' lang='lat' dir='ltr'>collega</span> <span class='ocrx_word' id='word_1_171' title='bbox 1428 1858 1525 1920; x_wconf 83' lang='lat' dir='ltr'>ejus</span> 
     </span>
     <span class='ocr_line' id='line_1_25' title="bbox 238 1931 1524 1996; baseline -0.003 -14"><span class='ocrx_word' id='word_1_172' title='bbox 238 1938 305 1986; x_wconf 80' lang='grc' dir='ltr'>Μ.</span> <span class='ocrx_word' id='word_1_173' title='bbox 334 1935 521 1984; x_wconf 87' lang='lat' dir='ltr'>Porcius</span> <span class='ocrx_word' id='word_1_174' title='bbox 545 1936 662 1982; x_wconf 86' lang='lat' dir='ltr'>Cato</span> <span class='ocrx_word' id='word_1_175' title='bbox 690 1952 745 1982; x_wconf 86' lang='lat' dir='ltr'>ex</span> <span class='ocrx_word' id='word_1_176' title='bbox 774 1932 983 1996; x_wconf 85' lang='lat' dir='ltr'>Hispania</span> <span class='ocrx_word' id='word_1_177' title='bbox 1007 1931 1318 1994; x_wconf 79' lang='lat' dir='ltr'>triumphavit.</span> <span class='ocrx_word' id='word_1_178' title='bbox 1347 1931 1449 1978; x_wconf 87' lang='lat' dir='ltr'>tulit</span> <span class='ocrx_word' id='word_1_179' title='bbox 1475 1931 1524 1978; x_wconf 85' lang='lat' dir='ltr'>in</span> 
     </span>
     <span class='ocr_line' id='line_1_26' title="bbox 238 2003 1523 2071; baseline -0.003 -17"><span class='ocrx_word' id='word_1_180' title='bbox 238 2025 296 2054; x_wconf 86' lang='lat' dir='ltr'>eo</span> <span class='ocrx_word' id='word_1_181' title='bbox 330 2008 560 2070; x_wconf 87' lang='lat' dir='ltr'>triumpho</span> <span class='ocrx_word' id='word_1_182' title='bbox 591 2006 760 2071; x_wconf 83' lang='lat' dir='ltr'>argenti</span> <span class='ocrx_word' id='word_1_183' title='bbox 784 2005 935 2052; x_wconf 71' lang='lat' dir='ltr'>infeffi</span> <span class='ocrx_word' id='word_1_184' title='bbox 967 2003 1131 2067; x_wconf 81' lang='lat' dir='ltr'>viginti</span> <span class='ocrx_word' id='word_1_185' title='bbox 1159 2004 1357 2067; x_wconf 85' lang='lat' dir='ltr'>quinque</span> <span class='ocrx_word' id='word_1_186' title='bbox 1382 2003 1523 2051; x_wconf 88' lang='lat' dir='ltr'>millia</span> 
     </span>
     <span class='ocr_line' id='line_1_27' title="bbox 238 2076 1525 2143; baseline -0.002 -17"><span class='ocrx_word' id='word_1_187' title='bbox 238 2080 399 2143; x_wconf 81' lang='lat' dir='ltr'>pondo</span> <span class='ocrx_word' id='word_1_188' title='bbox 416 2116 432 2136; x_wconf 88' lang='lat'>,</span> <span class='ocrx_word' id='word_1_189' title='bbox 453 2079 592 2143; x_wconf 86' lang='lat' dir='ltr'>bigati</span> <span class='ocrx_word' id='word_1_190' title='bbox 624 2092 803 2126; x_wconf 88' lang='lat' dir='ltr'>centum</span> <span class='ocrx_word' id='word_1_191' title='bbox 823 2076 983 2141; x_wconf 89' lang='lat' dir='ltr'>viginti</span> <span class='ocrx_word' id='word_1_192' title='bbox 1016 2077 1100 2124; x_wconf 83' lang='lat' dir='ltr'>tria</span> <span class='ocrx_word' id='word_1_193' title='bbox 1123 2077 1288 2136; x_wconf 80' lang='lat' dir='ltr'>millia,</span> <span class='ocrx_word' id='word_1_194' title='bbox 1317 2076 1525 2125; x_wconf 79' lang='lat' dir='ltr'>Oscensis</span> 
     </span>
     <span class='ocr_line' id='line_1_28' title="bbox 239 2150 1525 2216; baseline -0.003 -17"><span class='ocrx_word' id='word_1_195' title='bbox 239 2152 481 2216; x_wconf 79' lang='lat' dir='ltr'>quingenta</span> <span class='ocrx_word' id='word_1_196' title='bbox 504 2152 822 2215; x_wconf 83' lang='lat' dir='ltr'>quadraginta:</span> <span class='ocrx_word' id='word_1_197' title='bbox 846 2150 940 2198; x_wconf 90' lang='lat' dir='ltr'>auri</span> <span class='ocrx_word' id='word_1_198' title='bbox 972 2151 1130 2213; x_wconf 81' lang='lat' dir='ltr'>pondo</span> <span class='ocrx_word' id='word_1_199' title='bbox 1159 2150 1282 2196; x_wconf 91' lang='lat' dir='ltr'>mille</span> <span class='ocrx_word' id='word_1_200' title='bbox 1310 2150 1525 2213; x_wconf 85' lang='lat' dir='ltr'>quadrin-</span> 
     </span>
     <span class='ocr_line' id='line_1_29' title="bbox 241 2223 1525 2290; baseline -0.003 -17"><span class='ocrx_word' id='word_1_201' title='bbox 241 2238 387 2290; x_wconf 65' lang='lat' dir='ltr'>genta.</span> <span class='ocrx_word' id='word_1_202' title='bbox 418 2225 640 2273; x_wconf 86' lang='lat' dir='ltr'>Militibus</span> <span class='ocrx_word' id='word_1_203' title='bbox 659 2243 713 2272; x_wconf 87' lang='lat' dir='ltr'>ex</span> <span class='ocrx_word' id='word_1_204' title='bbox 735 2225 882 2288; x_wconf 85' lang='lat' dir='ltr'>praeda</span> <span class='ocrx_word' id='word_1_205' title='bbox 907 2225 1058 2272; x_wconf 81' lang='lat' dir='ltr'>divisit</span> <span class='ocrx_word' id='word_1_206' title='bbox 1078 2225 1123 2270; x_wconf 87' lang='lat' dir='ltr'>in</span> <span class='ocrx_word' id='word_1_207' title='bbox 1142 2223 1362 2286; x_wconf 86' lang='lat' dir='ltr'>fingulos,</span> <span class='ocrx_word' id='word_1_208' title='bbox 1386 2223 1525 2270; x_wconf 82' lang='lat' dir='ltr'>duce-</span> 
     </span>
     <span class='ocr_line' id='line_1_30' title="bbox 241 2296 1524 2363; baseline -0.005 -17"><span class='ocrx_word' id='word_1_209' title='bbox 241 2316 328 2346; x_wconf 84' lang='lat' dir='ltr'>nos</span> <span class='ocrx_word' id='word_1_210' title='bbox 356 2299 648 2363; x_wconf 84' lang='lat' dir='ltr'>septuagenos</span> <span class='ocrx_word' id='word_1_211' title='bbox 676 2298 800 2355; x_wconf 81' lang='lat' dir='ltr'>aeris,</span> <span class='ocrx_word' id='word_1_212' title='bbox 825 2298 990 2360; x_wconf 83' lang='lat' dir='ltr'>triplex</span> <span class='ocrx_word' id='word_1_213' title='bbox 1017 2296 1175 2359; x_wconf 88' lang='lat' dir='ltr'>equiti.</span> <span class='ocrx_word' id='word_1_214' title='bbox 1208 2296 1281 2342; x_wconf 87' lang='lat' dir='ltr'>Ti.</span> <span class='ocrx_word' id='word_1_215' title='bbox 1309 2297 1524 2356; x_wconf 58' lang='lat' dir='ltr'>Sempro-1</span> 
     </span>
     <span class='ocr_line' id='line_1_31' title="bbox 242 2364 1524 2433; baseline -0.005 -17"><span class='ocrx_word' id='word_1_216' title='bbox 242 2370 343 2417; x_wconf 85' lang='lat' dir='ltr'>nius</span> <span class='ocrx_word' id='word_1_217' title='bbox 361 2369 547 2429; x_wconf 79' lang='lat' dir='ltr'>consul,</span> <span class='ocrx_word' id='word_1_218' title='bbox 575 2370 621 2416; x_wconf 90' lang='lat' dir='ltr'>in</span> <span class='ocrx_word' id='word_1_219' title='bbox 646 2369 933 2433; x_wconf 85' lang='lat' dir='ltr'>provinciam</span> <span class='ocrx_word' id='word_1_220' title='bbox 953 2367 1180 2431; x_wconf 71' lang='lat' dir='ltr'>profe&amp;1ts</span> <span class='ocrx_word' id='word_1_221' title='bbox 1195 2402 1210 2424; x_wconf 85' lang='lat'><strong>,</strong></span> <span class='ocrx_word' id='word_1_222' title='bbox 1241 2366 1287 2412; x_wconf 91' lang='lat' dir='ltr'>in</span> <span class='ocrx_word' id='word_1_223' title='bbox 1306 2364 1524 2426; x_wconf 72' lang='lat' dir='ltr'>Boiorum</span> 
     </span>
     <span class='ocr_line' id='line_1_32' title="bbox 240 2437 1527 2511; baseline -0.002 -22"><span class='ocrx_word' id='word_1_224' title='bbox 240 2443 436 2510; x_wconf 85' lang='lat' dir='ltr'>primum</span> <span class='ocrx_word' id='word_1_225' title='bbox 457 2460 610 2511; x_wconf 85' lang='lat' dir='ltr'>agrum</span> <span class='ocrx_word' id='word_1_226' title='bbox 632 2443 836 2509; x_wconf 83' lang='lat' dir='ltr'>legiones</span> <span class='ocrx_word' id='word_1_227' title='bbox 858 2441 1003 2492; x_wconf 85' lang='lat' dir='ltr'>duxit.</span> <span class='ocrx_word' id='word_1_228' title='bbox 1022 2440 1210 2505; x_wconf 71' lang='lat' dir='ltr'>Boiorix</span> <span class='ocrx_word' id='word_1_229' title='bbox 1229 2453 1325 2489; x_wconf 86' lang='lat' dir='ltr'>tum</span> <span class='ocrx_word' id='word_1_230' title='bbox 1342 2437 1527 2502; x_wconf 50' lang='lat' dir='ltr'>regul&amp;</span> 
     </span>
    </p>
   </div>
  </div>
 </body>
</html>
