1592 2724
175 158 237 200 *η
533 149 1096 201 T1T1L1V11

176 272 308 303 mana
335 255 473 305 claffis
495 274 552 306 eo
578 258 620 305 se
650 259 907 322 recepisset,
938 259 1139 318 Attalus,
1166 260 1343 326 ignarus
1374 264 1455 311 ads

175 342 340 375 ventus
373 330 592 393 Philippi,
627 332 828 395 pecuniis
861 350 885 379 a
920 333 1197 395 principibus
1222 335 1453 399 exigendis

174 401 346 448 terebat
362 414 552 466 tempus.
580 404 783 468 adeoque
802 405 1047 468 improvisa
1066 422 1132 452 res
1151 405 1259 465 fuit,
1276 421 1347 466 ut,
1370 408 1452 453 nisi

175 472 457 522 Cretensium
484 476 687 539 quidam,
709 475 827 523 forte
853 478 1111 540 pabulatum
1141 478 1196 524 ab
1214 478 1325 525 urbe
1345 479 1452 525 lon-

174 544 274 608 gius
288 549 521 611 progreffi,
534 566 690 612 agmen
709 549 901 596 hostium
923 549 1084 612 procul
1102 549 1453 613 conspexiffent,

174 619 372 681 opprimi
405 621 618 683 potuerit.
642 622 814 669 Attalus
847 622 1028 669 inermis
1051 634 1182 685 atque
1209 623 1450 685 incompo-

172 688 276 737 fitus
297 691 423 739 cursu
450 694 590 742 effuso
617 713 738 743 mare
765 713 816 743 ac
847 713 984 743 naves
1011 697 1152 760 petit:
1178 698 1228 744 &
1254 697 1452 743 molien-

172 764 292 812 tibus
317 767 371 813 ab
401 779 515 816 terra
545 787 684 817 naves
717 771 945 833 Philippus
976 770 1252 834 supervenit,
1282 771 1452 817 tumul-

171 846 359 901 tumque
376 840 507 887 etiam
529 858 585 888 ex
601 855 717 889 terra
733 844 920 891 nauticis
937 844 1143 907 praebuit.
1164 845 1268 892 inde
1287 846 1454 907 Opun-

172 919 262 955 tem
294 912 447 971 rediit,
466 915 594 962 Deos
620 915 912 979 hominesque
936 915 1141 963 accusans
1159 933 1179 973 ‚²
1194 918 1319 980 quod
1350 929 1454 963 tan-

170 997 230 1028 tae
253 984 317 1030 rei
344 984 574 1035 fortunam
600 1005 657 1035 ex
689 989 833 1037 oculis
864 1004 1008 1052 prope
1038 1000 1208 1050 raptam
1233 989 1454 1037 amififfet,

172 1059 367 1120 Opuntii
395 1077 581 1124 quoque
598 1062 652 1109 ab
672 1064 824 1109 eadem
845 1063 909 1109 ira
928 1061 1162 1123 increpiti,
1180 1061 1326 1124 quod,
1348 1079 1452 1108 cum

169 1131 345 1177 trahere
374 1133 656 1182 obsidionem
680 1136 727 1181 in
756 1136 998 1184 adventum
1031 1134 1153 1181 suum
1184 1134 1452 1196 potuissent,

169 1204 270 1250 viso
287 1205 431 1252 statim
453 1206 599 1266 hoste,
617 1226 759 1272 prope
779 1209 827 1255 in
849 1209 1153 1257 voluntariam
1175 1206 1453 1255 deditionem

168 1279 492 1329 conceffiffent.
537 1283 812 1346 Compofitis
860 1283 978 1330 circa
1015 1280 1246 1345 Opuntem
1286 1281 1452 1339 rebus9

167 1351 404 1398 Tot-onem
423 1353 484 1400 est
504 1355 744 1418 profeclus.
773 1358 827 1403 Et
847 1356 1020 1402 Attalus
1043 1355 1192 1418 primo
1213 1355 1386 1400 Oreum
1408 1354 1451 1401 se

168 1423 350 1485 recepit.
384 1425 514 1484 inde,
541 1445 642 1474 cum
668 1428 781 1475 fama
804 1428 1054 1484 accidisset,
1075 1426 1268 1473 Prusiam
1289 1426 1450 1490 Bithy-

167 1493 255 1539 niee
280 1510 426 1558 regem
460 1496 507 1542 in
537 1497 644 1544 fines
674 1498 797 1562 regni
828 1498 893 1545 sui
923 1497 1252 1561 transgreffum‚
1283 1497 1453 1544 omiffis

166 1565 300 1611 rebus
331 1579 468 1630 atque
501 1571 702 1617 AEtolico
739 1572 887 1630 bello,
914 1572 960 1617 in
997 1573 1137 1618 Asiam
1168 1571 1358 1634 trajecit.
1394 1573 1452 1618 Et

166 1639 390 1702 Sulpicius
409 1644 613 1706 AEginam
646 1646 819 1692 classem
848 1645 1039 1709 recepit,
1061 1646 1179 1692 unde
1208 1645 1342 1693 initio
1366 1662 1451 1693 ve-

165 1712 228 1758 ris
261 1715 485 1775 profeclus
515 1731 622 1764 erat.
652 1720 781 1766 Haud
813 1718 984 1781 majore
1011 1719 1281 1776 certamine,
1313 1722 1450 1782 quim

168 1788 404 1848 Opuntem
454 1791 630 1840 Attalus
679 1806 859 1855 ceperat
876 1827 890 1849 ‚
932 1792 1162 1854 Philippus
1209 1792 1448 1838 Toronen]

167 1864 301 1925 cepit.
339 1866 602 1914 Incolebant
634 1869 794 1915 urbem
829 1885 926 1915 eam
969 1867 1150 1930 profugi
1184 1866 1240 1912 ab
1279 1867 1451 1913 Thebis

167 1939 448 1988 Phthioticis.
481 1942 592 1989 urbe
619 1943 691 1989 sua
716 1955 843 2005 capta
867 1961 891 1990 a
915 1943 1128 2006 Philippo
1145 1977 1158 1999 ‚
1188 1958 1292 1988 cum
1318 1941 1366 1987 in
1396 1939 1450 1986 fi-

168 2014 270 2060 dem
296 2014 557 2062 AEtolorum'
586 2014 900 2081 perfiigiffent‚
937 2017 1082 2064 sedem
1109 2016 1170 2062 eis
1188 2014 1328 2061 AEtoli
1350 2032 1449 2063 eam

168 2087 403 2146 dederant,
430 2088 553 2136 urbis
587 2089 767 2137 vastatae
789 2107 841 2136 ac
865 2089 1044 2137 desertae
1071 2087 1224 2152 priore
1255 2086 1449 2149 ejusdem

168 2158 366 2222 Philippi
397 2159 533 2207 bello.
564 2163 684 2208 Tum
711 2161 766 2208 ab
782 2163 1000 2219 Torone,
1030 2161 1141 2207 ficut
1173 2159 1311 2222 paulo
1346 2174 1450 2205 ante

170 2231 336 2277 dictum
367 2231 455 2290 est,
484 2246 664 2296 recepta
695 2233 943 2296 profestus,
974 2234 1209 2280 Tritonon
1238 2233 1287 2279 &
1317 2232 1450 2295 Dry-

168 2319 259 2349 mas
274 2340 287 2362 ,
309 2304 500 2352 Doridis
529 2313 667 2368 parva
697 2317 828 2370 atque
859 2305 1075 2370 ignobilia
1101 2304 1268 2366 oppida
1283 2339 1296 2360 ‚
1315 2303 1450 2365 cepit.

169 2377 274 2424 inde
304 2378 489 2425 Elatiam
505 2415 521 2439 ‚
538 2378 658 2442 juflis
686 2379 748 2426 ibi
774 2378 816 2425 se
835 2379 1033 2442 opperiri
1062 2376 1293 2424 Ptolemaei
1318 2376 1448 2421 Rho-

172 2449 441 2516 diorumque
480 2451 666 2517 legatis,
699 2451 843 2502 venit.
889 2452 980 2502 Ubi
1017 2468 1120 2502 cum
1157 2449 1211 2497 de
1245 2447 1452 2496 finiendo
