1592 2724
151 160 237 208 188
508 156 729 203 TITI
797 155 1065 201 LIVII

144 268 266 327 acie,
285 267 333 314 hi
354 283 540 331 quoque
560 267 605 313 in
632 266 713 314 suo
740 266 902 312 dextro
931 280 1075 311 cornu
1098 261 1216 326 ipsos
1239 261 1432 309 Cartha-

144 341 409 407 giniensium
440 341 611 405 equites
642 340 687 386 in
713 339 861 403 fugam
891 348 1139 384 verterunt.
1170 335 1356 392 Laelius,
1378 345 1430 381 ut

144 414 347 462 turbatos
373 414 489 460 vidit
508 412 655 459 hostes
670 448 683 471 ,
699 413 818 458 addit
839 409 1049 474 perculsis
1066 420 1299 455 terrorem.

227 487 451 533 XXXIV.
490 484 715 547 Utrinque
753 484 902 546 equite
937 482 1099 528 nudata
1135 491 1229 526 erat
1261 478 1431 526 Punica

145 560 291 615 acies,
316 577 418 606 curn
444 559 578 620 pedes
610 556 874 613 concurrit,
898 572 979 602 nec
1010 555 1109 616 spe,
1140 570 1222 600 nec
1255 552 1431 600 viribus

143 633 232 695 jam
267 651 358 696 par.
393 633 447 678 ad
474 631 593 685 hoc,
628 630 746 675 dietu
778 647 947 692 parva,
985 628 1058 675 sed
1087 627 1236 691 magni
1272 627 1428 673 eadem

144 707 193 754 in
226 723 274 752 re
305 704 498 768 gerenda
525 703 746 750 momenti
778 720 846 750 res
867 739 882 760 ,
917 719 1172 765 congruens
1207 702 1378 748 clamor
1406 715 1433 746 a

144 780 396 835 Romanis,
428 793 573 838 eoque
600 774 744 835 major
775 777 824 823 δε
852 776 1126 831 terribilior-3
1161 775 1347 821 diffonae
1378 773 1435 819 il-

145 852 229 909 lis,
261 864 310 897 ut
342 849 541 914 gentium
578 848 821 896 multarum
859 848 1208 912 discrepantibus
1238 847 1435 911 linguis,

147 943 306 975 voces.
337 941 485 988 pugna
508 924 716 969 Romana
743 922 935 980 stabilis,
959 924 1007 970 δέ
1035 922 1112 968 suo
1134 923 1182 969 &
1205 938 1434 968 armorum

145 999 348 1063 pondere
375 995 737 1042 incumbentium
765 993 809 1040 in
839 993 1041 1040 hostem:
1077 992 1362 1040 concursatio
1383 994 1435 1039 ‘Sc

149 1072 371 1120 velocitas
401 1071 526 1117 illinc
549 1069 720 1129 major,
755 1086 892 1132 quam
918 1068 1001 1116 vis.
1033 1069 1167 1132 Igitur
1187 1068 1334 1131 primo
1354 1067 1438 1112 im·

148 1159 256 1209 petu
287 1143 517 1206 extemplo
556 1160 747 1189 movere
778 1143 886 1190 loco
923 1142 1120 1189 hostium
1156 1143 1296 1190 aciem
1334 1143 1437 1188 Ro-

146 1219 280 1266 mani.
316 1218 384 1265 ala
410 1216 571 1264 deinde
593 1218 642 1264 &
671 1215 949 1263 umbonibus
969 1216 1218 1278 pulsantes,
1259 1216 1305 1262 in
1333 1215 1436 1262 sub-

148 1304 302 1340 motos
322 1290 458 1355 gradu
477 1289 603 1337 illato
623 1325 638 1348 ,
668 1289 949 1353 aliquantum
969 1288 1120 1352 spatii,
1149 1289 1279 1336 velut
1306 1288 1437 1336 nullo

148 1363 399 1421 resistente,
426 1361 665 1417 inceffere3
692 1360 952 1424 urgentibus
979 1363 1029 1409 &
1059 1361 1310 1408 novistimis
1346 1361 1440 1423 pri-

151 1453 281 1495 mos,
313 1447 364 1483 ut
385 1434 518 1483 semel
547 1448 719 1483 motam
742 1435 884 1483 aciem
912 1435 1108 1492 sensere3
1142 1436 1267 1500 quod
1294 1436 1440 1499 ipsum

152 1511 250 1557 vim
275 1526 482 1574 magnam
511 1509 566 1556 ad
596 1509 853 1572 pellendum
877 1509 1048 1556 hostem
1075 1510 1276 1557 addebat.
1308 1508 1441 1571 Apud

152 1585 329 1644 hostes,
363 1584 601 1632 auxiliares
633 1584 840 1631 cedentes
871 1583 1062 1631 secunda
1098 1585 1243 1642 acies,
1271 1583 1442 1631 Afri&

150 1659 572 1724 Carthaginienses,
607 1659 721 1706 adeo
763 1675 859 1705 non
898 1658 1194 1717 sustinebant,
1231 1671 1284 1706 ut
1327 1675 1445 1706 con-

154 1746 223 1779 tra
253 1733 414 1790 etiam,
451 1749 508 1779 ne
542 1730 788 1778 resistentes
819 1731 1106 1793 pertinaciter
1144 1731 1315 1793 primos
1351 1748 1443 1778 cae-

153 1806 306 1854 dendo
340 1807 396 1853 ad
427 1805 468 1852 se
504 1805 764 1869 perveniret
800 1804 973 1863 hostis,
1011 1805 1170 1867 pedem
1210 1805 1447 1854 referrenn

155 1881 297 1944 Igitur
330 1878 571 1928 auxiliares
604 1890 727 1943 terga
759 1879 865 1924 dant
897 1890 1112 1941 repente:
1152 1880 1229 1936 δέ,
1260 1879 1307 1924 in
1339 1879 1447 1926 suos

155 1952 269 2002 verfi
288 1989 302 2011 ,
333 1953 495 2015 partim
520 1953 722 2016 refugere
744 1951 790 1998 in
815 1951 1051 1998 secundam
1083 1950 1257 2008 aciem,
1281 1952 1445 2014 partim

156 2044 252 2076 non
291 2027 558 2090 recipientes
599 2027 792 2084 caedere,
830 2024 896 2071 uti
927 2024 1064 2086 paulo
1102 2036 1204 2071 ante
1236 2041 1333 2070 non
1363 2025 1447 2071 ad-

154 2099 269 2164 juti,
296 2102 345 2148 &
368 2112 478 2146 tunc
509 2099 692 2146 exclusi.
727 2102 783 2144 Et
810 2114 956 2161 prope
989 2098 1080 2144 duo
1109 2096 1197 2158 jam
1223 2098 1446 2161 permixta

159 2174 325 2239 proelia
350 2186 505 2233 erant,
531 2191 632 2221 cum
661 2171 1045 2236 Carthaginienses
1075 2172 1201 2218 simul
1230 2190 1332 2219 cum
1361 2173 1447 2218 ho-

159 2248 325 2307 stibus,
355 2247 484 2294 simul
518 2264 618 2294 cum
653 2246 740 2293 suis
777 2260 1046 2309 cogerentur
1080 2245 1315 2292 conserere
1351 2262 1446 2291 ma-

161 2339 262 2369 nus.
307 2338 403 2368 non
438 2334 589 2368 tamen
622 2319 682 2367 ita
714 2318 944 2382 perculsos
970 2318 1194 2382 iratosque
1227 2318 1274 2364 in
1301 2316 1446 2366 aciem

163 2411 402 2457 accepere3
430 2395 530 2454 sed,
565 2393 755 2441 densatis
790 2392 1050 2452 ordinibus,
1082 2392 1130 2439 in
1165 2407 1335 2439 cornua
1361 2408 1446 2437 va-

162 2484 390 2531 cuumque
434 2467 555 2517 circa
591 2483 801 2531 campum
835 2477 960 2515 extra
995 2464 1209 2531 proelium
1245 2462 1449 2527 ejecere,
