<?xml version="1.0" encoding="UTF-8"?>
<!DOCTYPE html PUBLIC "-//W3C//DTD XHTML 1.0 Transitional//EN"
    "http://www.w3.org/TR/xhtml1/DTD/xhtml1-transitional.dtd">
<html xmlns="http://www.w3.org/1999/xhtml" xml:lang="en" lang="en">
 <head>
  <title>
</title>
<meta http-equiv="Content-Type" content="text/html;charset=utf-8" />
  <meta name='ocr-system' content='tesseract 3.04.00' />
  <meta name='ocr-capabilities' content='ocr_page ocr_carea ocr_par ocr_line ocrx_word'/>
</head>
<body>
  <div class='ocr_page' id='page_1' title='image "./historiarumlibri05livyuoft_0267.png"; bbox 0 0 1592 2724; ppageno 0'>
   <div class='ocr_carea' id='block_1_1' title="bbox 306 173 1401 240">
    <p class='ocr_par' dir='ltr' id='par_1_1' title="bbox 306 173 1401 240">
     <span class='ocr_line' id='line_1_1' title="bbox 306 173 1401 240; baseline 0.004 -20"><span class='ocrx_word' id='word_1_1' title='bbox 306 173 858 223; x_wconf 88' lang='lat' dir='ltr'>HISTORIARUM</span> <span class='ocrx_word' id='word_1_2' title='bbox 897 176 1020 224; x_wconf 82' lang='lat' dir='ltr'><strong>LIB.</strong></span> <span class='ocrx_word' id='word_1_3' title='bbox 1054 176 1230 224; x_wconf 87' lang='lat' dir='ltr'><strong>XXXI.</strong></span> <span class='ocrx_word' id='word_1_4' title='bbox 1310 192 1401 240; x_wconf 68' lang='lat'>⁴25¹</span> 
     </span>
    </p>
   </div>
   <div class='ocr_carea' id='block_1_2' title="bbox 128 276 1413 2517">
    <p class='ocr_par' dir='ltr' id='par_1_2' title="bbox 128 276 1413 2370">
     <span class='ocr_line' id='line_1_2' title="bbox 130 276 1411 346; baseline 0.005 -21"><span class='ocrx_word' id='word_1_5' title='bbox 130 276 272 343; x_wconf 80' lang='lat' dir='ltr'>ipsum</span> <span class='ocrx_word' id='word_1_6' title='bbox 303 282 509 344; x_wconf 76' lang='lat' dir='ltr'>cepisset,</span> <span class='ocrx_word' id='word_1_7' title='bbox 546 282 753 346; x_wconf 83' lang='lat' dir='ltr'>protinus</span> <span class='ocrx_word' id='word_1_8' title='bbox 780 282 836 329; x_wconf 87' lang='lat' dir='ltr'>ad</span> <span class='ocrx_word' id='word_1_9' title='bbox 862 282 1000 330; x_wconf 87' lang='lat' dir='ltr'>castra</span> <span class='ocrx_word' id='word_1_10' title='bbox 1027 283 1221 331; x_wconf 87' lang='lat' dir='ltr'>hostium</span> <span class='ocrx_word' id='word_1_11' title='bbox 1247 284 1411 332; x_wconf 84' lang='lat' dir='ltr'>ducere</span> 
     </span>
     <span class='ocr_line' id='line_1_3' title="bbox 131 353 1409 417; baseline 0.003 -18"><span class='ocrx_word' id='word_1_12' title='bbox 131 353 337 401; x_wconf 80' lang='lat' dir='ltr'>debuiffe.</span> <span class='ocrx_word' id='word_1_13' title='bbox 374 372 457 402; x_wconf 90' lang='lat' dir='ltr'>nec</span> <span class='ocrx_word' id='word_1_14' title='bbox 489 355 607 402; x_wconf 91' lang='lat' dir='ltr'>enim</span> <span class='ocrx_word' id='word_1_15' title='bbox 637 354 868 400; x_wconf 86' lang='lat' dir='ltr'>mansuros</span> <span class='ocrx_word' id='word_1_16' title='bbox 901 354 961 400; x_wconf 83' lang='lat' dir='ltr'>ita</span> <span class='ocrx_word' id='word_1_17' title='bbox 1002 355 1228 417; x_wconf 84' lang='lat' dir='ltr'>perculsos</span> <span class='ocrx_word' id='word_1_18' title='bbox 1259 356 1409 404; x_wconf 84' lang='lat' dir='ltr'>hostes</span> 
     </span>
     <span class='ocr_line' id='line_1_4' title="bbox 129 424 1408 490; baseline 0.003 -19"><span class='ocrx_word' id='word_1_19' title='bbox 129 424 254 473; x_wconf 72' lang='lat' dir='ltr'>fuiss&#39;e</span> <span class='ocrx_word' id='word_1_20' title='bbox 270 462 284 485; x_wconf 94' lang='lat'>,</span> <span class='ocrx_word' id='word_1_21' title='bbox 304 428 601 490; x_wconf 82' lang='lat' dir='ltr'>debellarique</span> <span class='ocrx_word' id='word_1_22' title='bbox 630 439 867 473; x_wconf 89' lang='lat' dir='ltr'>momento</span> <span class='ocrx_word' id='word_1_23' title='bbox 890 427 1107 489; x_wconf 86' lang='lat' dir='ltr'>temporis</span> <span class='ocrx_word' id='word_1_24' title='bbox 1137 428 1341 489; x_wconf 82' lang='lat' dir='ltr'>potuiffe.</span> <span class='ocrx_word' id='word_1_25' title='bbox 1361 429 1408 475; x_wconf 85' lang='lat' dir='ltr'>Id</span> 
     </span>
     <span class='ocr_line' id='line_1_5' title="bbox 128 500 1409 565; baseline 0.002 -19"><span class='ocrx_word' id='word_1_26' title='bbox 128 500 247 547; x_wconf 60' lang='lat' dir='ltr'>dictu</span> <span class='ocrx_word' id='word_1_27' title='bbox 270 536 283 555; x_wconf 94' lang='lat'>‚</span> <span class='ocrx_word' id='word_1_28' title='bbox 318 517 450 565; x_wconf 86' lang='lat' dir='ltr'>quam</span> <span class='ocrx_word' id='word_1_29' title='bbox 484 518 564 559; x_wconf 88' lang='lat' dir='ltr'>re,</span> <span class='ocrx_word' id='word_1_30' title='bbox 602 516 652 547; x_wconf 89' lang='lat' dir='ltr'>ut</span> <span class='ocrx_word' id='word_1_31' title='bbox 687 501 927 563; x_wconf 80' lang='lat' dir='ltr'>pleraque,</span> <span class='ocrx_word' id='word_1_32' title='bbox 967 500 1154 548; x_wconf 79' lang='lat' dir='ltr'>facilius.</span> <span class='ocrx_word' id='word_1_33' title='bbox 1208 519 1305 547; x_wconf 88' lang='lat' dir='ltr'>nam</span> <span class='ocrx_word' id='word_1_34' title='bbox 1327 538 1340 559; x_wconf 91' lang='lat'>,</span> <span class='ocrx_word' id='word_1_35' title='bbox 1376 504 1409 549; x_wconf 83' lang='lat' dir='ltr'>st</span> 
     </span>
     <span class='ocr_line' id='line_1_6' title="bbox 129 573 1410 638; baseline 0.002 -19"><span class='ocrx_word' id='word_1_36' title='bbox 129 574 340 621; x_wconf 86' lang='lat' dir='ltr'>omnibus</span> <span class='ocrx_word' id='word_1_37' title='bbox 360 575 556 637; x_wconf 85' lang='lat' dir='ltr'>peditum</span> <span class='ocrx_word' id='word_1_38' title='bbox 574 591 757 637; x_wconf 87' lang='lat' dir='ltr'>quoque</span> <span class='ocrx_word' id='word_1_39' title='bbox 773 573 916 636; x_wconf 88' lang='lat' dir='ltr'>copiis</span> <span class='ocrx_word' id='word_1_40' title='bbox 934 591 1012 620; x_wconf 79' lang='lat' dir='ltr'>rex</span> <span class='ocrx_word' id='word_1_41' title='bbox 1032 575 1286 638; x_wconf 74' lang='lat' dir='ltr'>congress&#39;us</span> <span class='ocrx_word' id='word_1_42' title='bbox 1305 575 1410 621; x_wconf 79' lang='lat' dir='ltr'>fuis-</span> 
     </span>
     <span class='ocr_line' id='line_1_7' title="bbox 129 645 1408 704; baseline 0.001 -13"><span class='ocrx_word' id='word_1_43' title='bbox 129 645 212 704; x_wconf 89' lang='lat' dir='ltr'>set,</span> <span class='ocrx_word' id='word_1_44' title='bbox 231 646 412 693; x_wconf 78' lang='lat' dir='ltr'>forsitan</span> <span class='ocrx_word' id='word_1_45' title='bbox 431 647 546 694; x_wconf 88' lang='lat' dir='ltr'>inter</span> <span class='ocrx_word' id='word_1_46' title='bbox 561 648 801 695; x_wconf 89' lang='lat' dir='ltr'>tumultum</span> <span class='ocrx_word' id='word_1_47' title='bbox 814 679 828 703; x_wconf 90' lang='lat'>,</span> <span class='ocrx_word' id='word_1_48' title='bbox 846 665 946 695; x_wconf 88' lang='lat' dir='ltr'>cum</span> <span class='ocrx_word' id='word_1_49' title='bbox 963 664 1120 694; x_wconf 88' lang='lat' dir='ltr'>omnes</span> <span class='ocrx_word' id='word_1_50' title='bbox 1136 647 1244 694; x_wconf 48' lang='lat' dir='ltr'>victi</span> <span class='ocrx_word' id='word_1_51' title='bbox 1266 660 1408 694; x_wconf 86' lang='lat' dir='ltr'>metu-</span> 
     </span>
     <span class='ocr_line' id='line_1_8' title="bbox 130 718 1410 782; baseline -0.005 -16"><span class='ocrx_word' id='word_1_52' title='bbox 130 736 219 782; x_wconf 85' lang='lat' dir='ltr'>que</span> <span class='ocrx_word' id='word_1_53' title='bbox 244 720 428 782; x_wconf 85' lang='lat' dir='ltr'>perculfi</span> <span class='ocrx_word' id='word_1_54' title='bbox 450 736 505 766; x_wconf 86' lang='lat' dir='ltr'>ex</span> <span class='ocrx_word' id='word_1_55' title='bbox 526 719 694 782; x_wconf 81' lang='lat' dir='ltr'>proelio</span> <span class='ocrx_word' id='word_1_56' title='bbox 716 719 832 766; x_wconf 88' lang='lat' dir='ltr'>intra</span> <span class='ocrx_word' id='word_1_57' title='bbox 852 719 1021 765; x_wconf 82' lang='lat' dir='ltr'>vallum</span> <span class='ocrx_word' id='word_1_58' title='bbox 1039 753 1054 775; x_wconf 94' lang='lat'>,</span> <span class='ocrx_word' id='word_1_59' title='bbox 1081 719 1286 781; x_wconf 89' lang='lat' dir='ltr'>protinus</span> <span class='ocrx_word' id='word_1_60' title='bbox 1306 718 1410 764; x_wconf 70' lang='lat' dir='ltr'>inde</span> 
     </span>
     <span class='ocr_line' id='line_1_9' title="bbox 130 789 1410 855; baseline -0.002 -17"><span class='ocrx_word' id='word_1_61' title='bbox 130 792 498 855; x_wconf 75' lang='lat' dir='ltr'>supervadentem</span> <span class='ocrx_word' id='word_1_62' title='bbox 526 791 805 839; x_wconf 83' lang='lat' dir='ltr'>munimenta</span> <span class='ocrx_word' id='word_1_63' title='bbox 833 792 1053 839; x_wconf 67' lang='lat' dir='ltr'>victorem</span> <span class='ocrx_word' id='word_1_64' title='bbox 1082 790 1253 837; x_wconf 84' lang='lat' dir='ltr'>hostem</span> <span class='ocrx_word' id='word_1_65' title='bbox 1281 789 1410 854; x_wconf 77' lang='lat' dir='ltr'>fuge-</span> 
     </span>
     <span class='ocr_line' id='line_1_10' title="bbox 129 863 1409 927; baseline -0.003 -16"><span class='ocrx_word' id='word_1_66' title='bbox 129 877 255 922; x_wconf 82' lang='lat' dir='ltr'>rent,</span> <span class='ocrx_word' id='word_1_67' title='bbox 276 865 379 911; x_wconf 76' lang='lat' dir='ltr'>exui</span> <span class='ocrx_word' id='word_1_68' title='bbox 409 865 558 912; x_wconf 85' lang='lat' dir='ltr'>castris</span> <span class='ocrx_word' id='word_1_69' title='bbox 588 865 787 927; x_wconf 80' lang='lat' dir='ltr'>potuerit</span> <span class='ocrx_word' id='word_1_70' title='bbox 822 883 914 912; x_wconf 76' lang='lat' dir='ltr'>rex.</span> <span class='ocrx_word' id='word_1_71' title='bbox 955 882 1058 911; x_wconf 89' lang='lat' dir='ltr'>cum</span> <span class='ocrx_word' id='word_1_72' title='bbox 1080 881 1193 911; x_wconf 87' lang='lat' dir='ltr'>vero</span> <span class='ocrx_word' id='word_1_73' title='bbox 1227 863 1409 925; x_wconf 76' lang='lat' dir='ltr'>integrae</span> 
     </span>
     <span class='ocr_line' id='line_1_11' title="bbox 130 934 1412 999; baseline -0.002 -16"><span class='ocrx_word' id='word_1_74' title='bbox 130 936 276 999; x_wconf 78' lang='lat' dir='ltr'>copiae</span> <span class='ocrx_word' id='word_1_75' title='bbox 306 937 505 999; x_wconf 85' lang='lat' dir='ltr'>peditum</span> <span class='ocrx_word' id='word_1_76' title='bbox 537 937 580 982; x_wconf 89' lang='lat' dir='ltr'>in</span> <span class='ocrx_word' id='word_1_77' title='bbox 605 937 754 983; x_wconf 83' lang='lat' dir='ltr'>castris</span> <span class='ocrx_word' id='word_1_78' title='bbox 782 936 1057 992; x_wconf 78' lang='lat' dir='ltr'>manflffent,</span> <span class='ocrx_word' id='word_1_79' title='bbox 1078 934 1286 981; x_wconf 78' lang='lat' dir='ltr'>stationes</span> <span class='ocrx_word' id='word_1_80' title='bbox 1309 948 1412 981; x_wconf 73' lang='lat' dir='ltr'>ante</span> 
     </span>
     <span class='ocr_line' id='line_1_12' title="bbox 128 1007 1411 1073; baseline -0.002 -19"><span class='ocrx_word' id='word_1_81' title='bbox 128 1022 311 1070; x_wconf 85' lang='lat' dir='ltr'>portas,</span> <span class='ocrx_word' id='word_1_82' title='bbox 338 1008 629 1073; x_wconf 78' lang='lat' dir='ltr'>praesidiaque</span> <span class='ocrx_word' id='word_1_83' title='bbox 661 1010 868 1072; x_wconf 74' lang='lat' dir='ltr'>disposita</span> <span class='ocrx_word' id='word_1_84' title='bbox 899 1009 1060 1064; x_wconf 72' lang='lat' dir='ltr'>essent,</span> <span class='ocrx_word' id='word_1_85' title='bbox 1094 1007 1231 1071; x_wconf 88' lang='lat' dir='ltr'>quid,</span> <span class='ocrx_word' id='word_1_86' title='bbox 1267 1008 1411 1053; x_wconf 79' lang='lat' dir='ltr'>uifiut</span> 
     </span>
     <span class='ocr_line' id='line_1_13' title="bbox 130 1079 1410 1143; baseline 0 -19"><span class='ocrx_word' id='word_1_87' title='bbox 130 1079 423 1126; x_wconf 74' lang='lat' dir='ltr'>temeritatem</span> <span class='ocrx_word' id='word_1_88' title='bbox 447 1080 561 1143; x_wconf 70' lang='lat' dir='ltr'>regis</span> <span class='ocrx_word' id='word_1_89' title='bbox 579 1117 592 1138; x_wconf 87' lang='lat'>,</span> <span class='ocrx_word' id='word_1_90' title='bbox 618 1080 752 1127; x_wconf 81' lang='lat' dir='ltr'>effuse</span> <span class='ocrx_word' id='word_1_91' title='bbox 773 1081 907 1143; x_wconf 79' lang='lat' dir='ltr'>paulo</span> <span class='ocrx_word' id='word_1_92' title='bbox 936 1093 1037 1126; x_wconf 84' lang='lat' dir='ltr'>ante</span> <span class='ocrx_word' id='word_1_93' title='bbox 1066 1079 1202 1126; x_wconf 83' lang='lat' dir='ltr'>secuti</span> <span class='ocrx_word' id='word_1_94' title='bbox 1230 1081 1410 1142; x_wconf 70' lang='lat' dir='ltr'>percu!-</span> 
     </span>
     <span class='ocr_line' id='line_1_14' title="bbox 131 1147 1408 1212; baseline 0.001 -18"><span class='ocrx_word' id='word_1_95' title='bbox 131 1148 202 1194; x_wconf 87' lang='lat' dir='ltr'>sos</span> <span class='ocrx_word' id='word_1_96' title='bbox 233 1147 430 1210; x_wconf 81' lang='lat' dir='ltr'>equites,</span> <span class='ocrx_word' id='word_1_97' title='bbox 467 1149 743 1206; x_wconf 78' lang='lat' dir='ltr'>imitaretur,</span> <span class='ocrx_word' id='word_1_98' title='bbox 781 1149 1072 1212; x_wconf 71' lang='lat' dir='ltr'>profecisset?</span> <span class='ocrx_word' id='word_1_99' title='bbox 1107 1167 1252 1212; x_wconf 85' lang='lat' dir='ltr'>neque</span> <span class='ocrx_word' id='word_1_100' title='bbox 1287 1150 1408 1196; x_wconf 79' lang='lat' dir='ltr'>enim</span> 
     </span>
     <span class='ocr_line' id='line_1_15' title="bbox 131 1221 1407 1284; baseline 0.002 -19"><span class='ocrx_word' id='word_1_101' title='bbox 131 1237 187 1266; x_wconf 88' lang='lat' dir='ltr'>ne</span> <span class='ocrx_word' id='word_1_102' title='bbox 216 1221 326 1283; x_wconf 73' lang='lat' dir='ltr'>regis</span> <span class='ocrx_word' id='word_1_103' title='bbox 347 1221 524 1284; x_wconf 84' lang='lat' dir='ltr'>quidem</span> <span class='ocrx_word' id='word_1_104' title='bbox 553 1222 746 1284; x_wconf 86' lang='lat' dir='ltr'>primum</span> <span class='ocrx_word' id='word_1_105' title='bbox 776 1222 1008 1269; x_wconf 73' lang='lat' dir='ltr'>confilium</span> <span class='ocrx_word' id='word_1_106' title='bbox 1027 1257 1040 1276; x_wconf 93' lang='lat'>‚</span> <span class='ocrx_word' id='word_1_107' title='bbox 1068 1239 1163 1283; x_wconf 90' lang='lat' dir='ltr'>quo</span> <span class='ocrx_word' id='word_1_108' title='bbox 1194 1224 1407 1284; x_wconf 81' lang='lat' dir='ltr'>impetum</span> 
     </span>
     <span class='ocr_line' id='line_1_16' title="bbox 129 1293 1412 1359; baseline 0 -19"><span class='ocrx_word' id='word_1_109' title='bbox 129 1293 177 1340; x_wconf 88' lang='lat' dir='ltr'>in</span> <span class='ocrx_word' id='word_1_110' title='bbox 212 1293 556 1342; x_wconf 69' lang='lat' dir='ltr'>frumentatores</span> <span class='ocrx_word' id='word_1_111' title='bbox 590 1297 762 1358; x_wconf 81' lang='lat' dir='ltr'>palatos</span> <span class='ocrx_word' id='word_1_112' title='bbox 800 1313 877 1359; x_wconf 87' lang='lat' dir='ltr'>per</span> <span class='ocrx_word' id='word_1_113' title='bbox 911 1312 1040 1359; x_wconf 79' lang='lat' dir='ltr'>agros</span> <span class='ocrx_word' id='word_1_114' title='bbox 1079 1295 1186 1342; x_wconf 71' lang='lat' dir='ltr'>fecit</span> <span class='ocrx_word' id='word_1_115' title='bbox 1209 1333 1221 1351; x_wconf 96' lang='lat'>‚</span> <span class='ocrx_word' id='word_1_116' title='bbox 1259 1313 1412 1357; x_wconf 77' lang='lat' dir='ltr'>reprc-</span> 
     </span>
     <span class='ocr_line' id='line_1_17' title="bbox 130 1367 1411 1432; baseline 0.001 -19"><span class='ocrx_word' id='word_1_117' title='bbox 130 1367 414 1414; x_wconf 87' lang='lat' dir='ltr'>hendendum</span> <span class='ocrx_word' id='word_1_118' title='bbox 445 1368 588 1425; x_wconf 85' lang='lat' dir='ltr'>foret,</span> <span class='ocrx_word' id='word_1_119' title='bbox 611 1370 640 1415; x_wconf 85' lang='lat' dir='ltr'><strong>fi</strong></span> <span class='ocrx_word' id='word_1_120' title='bbox 666 1370 855 1415; x_wconf 87' lang='lat' dir='ltr'>modum</span> <span class='ocrx_word' id='word_1_121' title='bbox 890 1368 1113 1432; x_wconf 72' lang='lat' dir='ltr'>prosperae</span> <span class='ocrx_word' id='word_1_122' title='bbox 1143 1386 1303 1431; x_wconf 64' lang='lat' dir='ltr'>pugnae</span> <span class='ocrx_word' id='word_1_123' title='bbox 1326 1370 1411 1414; x_wconf 78' lang='lat' dir='ltr'>im—</span> 
     </span>
     <span class='ocr_line' id='line_1_18' title="bbox 131 1440 1412 1504; baseline 0.002 -20"><span class='ocrx_word' id='word_1_124' title='bbox 131 1440 353 1502; x_wconf 70' lang='lat' dir='ltr'>posuisset.</span> <span class='ocrx_word' id='word_1_125' title='bbox 372 1443 439 1486; x_wconf 85' lang='lat' dir='ltr'>Eo</span> <span class='ocrx_word' id='word_1_126' title='bbox 461 1458 646 1504; x_wconf 81' lang='lat' dir='ltr'>quoque</span> <span class='ocrx_word' id='word_1_127' title='bbox 662 1443 808 1488; x_wconf 86' lang='lat' dir='ltr'>minus</span> <span class='ocrx_word' id='word_1_128' title='bbox 825 1441 885 1487; x_wconf 87' lang='lat' dir='ltr'>est</span> <span class='ocrx_word' id='word_1_129' title='bbox 905 1441 1065 1487; x_wconf 87' lang='lat' dir='ltr'>mirum</span> <span class='ocrx_word' id='word_1_130' title='bbox 1079 1477 1090 1498; x_wconf 96' lang='lat'>,</span> <span class='ocrx_word' id='word_1_131' title='bbox 1107 1441 1289 1486; x_wconf 72' lang='lat' dir='ltr'>tentass&#39;e</span> <span class='ocrx_word' id='word_1_132' title='bbox 1311 1457 1412 1487; x_wconf 83' lang='lat' dir='ltr'>eum</span> 
     </span>
     <span class='ocr_line' id='line_1_19' title="bbox 129 1513 1413 1576; baseline -0.002 -15"><span class='ocrx_word' id='word_1_133' title='bbox 129 1513 384 1571; x_wconf 88' lang='lat' dir='ltr'>fortunam,</span> <span class='ocrx_word' id='word_1_134' title='bbox 417 1516 543 1576; x_wconf 89' lang='lat' dir='ltr'>quod</span> <span class='ocrx_word' id='word_1_135' title='bbox 575 1514 689 1561; x_wconf 78' lang='lat' dir='ltr'>fama</span> <span class='ocrx_word' id='word_1_136' title='bbox 720 1527 839 1571; x_wconf 87' lang='lat' dir='ltr'>erat,</span> <span class='ocrx_word' id='word_1_137' title='bbox 869 1514 1124 1561; x_wconf 79' lang='lat' dir='ltr'>Pleuratum</span> <span class='ocrx_word' id='word_1_138' title='bbox 1149 1514 1413 1560; x_wconf 73' lang='lat' dir='ltr'>Dardanos-</span> 
     </span>
     <span class='ocr_line' id='line_1_20' title="bbox 130 1586 1413 1650; baseline 0.002 -18"><span class='ocrx_word' id='word_1_139' title='bbox 130 1603 246 1649; x_wconf 86' lang='lat' dir='ltr'>que,</span> <span class='ocrx_word' id='word_1_140' title='bbox 283 1586 540 1650; x_wconf 83' lang='lat' dir='ltr'>ingentibus</span> <span class='ocrx_word' id='word_1_141' title='bbox 584 1588 728 1649; x_wconf 82' lang='lat' dir='ltr'>copiis</span> <span class='ocrx_word' id='word_1_142' title='bbox 769 1587 997 1650; x_wconf 58' lang='lat' dir='ltr'>profectos</span> <span class='ocrx_word' id='word_1_143' title='bbox 1034 1588 1206 1643; x_wconf 90' lang='lat' dir='ltr'>domo,</span> <span class='ocrx_word' id='word_1_144' title='bbox 1242 1586 1329 1648; x_wconf 73' lang='lat' dir='ltr'>jam</span> <span class='ocrx_word' id='word_1_145' title='bbox 1366 1588 1413 1634; x_wconf 84' lang='lat' dir='ltr'>in</span> 
     </span>
     <span class='ocr_line' id='line_1_21' title="bbox 131 1658 1413 1721; baseline -0.001 -17"><span class='ocrx_word' id='word_1_146' title='bbox 131 1659 446 1706; x_wconf 87' lang='lat' dir='ltr'>Macedoniam</span> <span class='ocrx_word' id='word_1_147' title='bbox 478 1658 803 1707; x_wconf 66' lang='lat' dir='ltr'>transcendisse.</span> <span class='ocrx_word' id='word_1_148' title='bbox 837 1659 1016 1719; x_wconf 83' lang='lat' dir='ltr'>Quibus</span> <span class='ocrx_word' id='word_1_149' title='bbox 1045 1659 1075 1704; x_wconf 83' lang='lat' dir='ltr'>si</span> <span class='ocrx_word' id='word_1_150' title='bbox 1099 1658 1296 1721; x_wconf 85' lang='lat' dir='ltr'>undique</span> <span class='ocrx_word' id='word_1_151' title='bbox 1323 1658 1413 1705; x_wconf 86' lang='lat' dir='ltr'>cir-</span> 
     </span>
     <span class='ocr_line' id='line_1_22' title="bbox 131 1729 1413 1792; baseline -0.001 -15"><span class='ocrx_word' id='word_1_152' title='bbox 131 1746 403 1778; x_wconf 88' lang='lat' dir='ltr'>cumventus</span> <span class='ocrx_word' id='word_1_153' title='bbox 438 1730 582 1792; x_wconf 85' lang='lat' dir='ltr'>copiis</span> <span class='ocrx_word' id='word_1_154' title='bbox 614 1729 764 1786; x_wconf 87' lang='lat' dir='ltr'>foret,</span> <span class='ocrx_word' id='word_1_155' title='bbox 794 1730 1016 1776; x_wconf 85' lang='lat' dir='ltr'>sedentem</span> <span class='ocrx_word' id='word_1_156' title='bbox 1047 1731 1302 1775; x_wconf 82' lang='lat' dir='ltr'>Romanum</span> <span class='ocrx_word' id='word_1_157' title='bbox 1334 1730 1413 1776; x_wconf 84' lang='lat' dir='ltr'>de-</span> 
     </span>
     <span class='ocr_line' id='line_1_23' title="bbox 131 1802 1413 1866; baseline 0.002 -19"><span class='ocrx_word' id='word_1_158' title='bbox 131 1802 420 1860; x_wconf 85' lang='lat' dir='ltr'>bellaturum,</span> <span class='ocrx_word' id='word_1_159' title='bbox 451 1803 571 1850; x_wconf 88' lang='lat' dir='ltr'>credi</span> <span class='ocrx_word' id='word_1_160' title='bbox 603 1815 792 1866; x_wconf 86' lang='lat' dir='ltr'>poterat.</span> <span class='ocrx_word' id='word_1_161' title='bbox 825 1805 1004 1865; x_wconf 87' lang='lat' dir='ltr'>Itaque,</span> <span class='ocrx_word' id='word_1_162' title='bbox 1038 1802 1278 1849; x_wconf 87' lang='lat' dir='ltr'>secundum</span> <span class='ocrx_word' id='word_1_163' title='bbox 1307 1803 1413 1852; x_wconf 80' lang='lat' dir='ltr'>duas</span> 
     </span>
     <span class='ocr_line' id='line_1_24' title="bbox 130 1873 1413 1938; baseline -0.002 -17"><span class='ocrx_word' id='word_1_164' title='bbox 130 1873 335 1935; x_wconf 86' lang='lat' dir='ltr'>adversas</span> <span class='ocrx_word' id='word_1_165' title='bbox 352 1874 572 1937; x_wconf 87' lang='lat' dir='ltr'>equestres</span> <span class='ocrx_word' id='word_1_166' title='bbox 597 1891 791 1938; x_wconf 79' lang='lat' dir='ltr'>pugnas,</span> <span class='ocrx_word' id='word_1_167' title='bbox 812 1875 957 1920; x_wconf 89' lang='lat' dir='ltr'>multo</span> <span class='ocrx_word' id='word_1_168' title='bbox 982 1875 1130 1920; x_wconf 85' lang='lat' dir='ltr'>minus</span> <span class='ocrx_word' id='word_1_169' title='bbox 1151 1886 1287 1921; x_wconf 84' lang='lat' dir='ltr'>tutam</span> <span class='ocrx_word' id='word_1_170' title='bbox 1307 1891 1413 1920; x_wconf 84' lang='lat' dir='ltr'>mo-</span> 
     </span>
     <span class='ocr_line' id='line_1_25' title="bbox 132 1945 1410 2008; baseline 0 -16"><span class='ocrx_word' id='word_1_171' title='bbox 132 1963 225 1992; x_wconf 86' lang='lat' dir='ltr'>ram</span> <span class='ocrx_word' id='word_1_172' title='bbox 256 1945 304 1992; x_wconf 88' lang='lat' dir='ltr'>in</span> <span class='ocrx_word' id='word_1_173' title='bbox 338 1945 490 1991; x_wconf 86' lang='lat' dir='ltr'>iisdem</span> <span class='ocrx_word' id='word_1_174' title='bbox 523 1947 693 1994; x_wconf 83' lang='lat' dir='ltr'>stativis</span> <span class='ocrx_word' id='word_1_175' title='bbox 724 1946 823 1992; x_wconf 88' lang='lat' dir='ltr'>fore</span> <span class='ocrx_word' id='word_1_176' title='bbox 858 1946 1090 2008; x_wconf 81' lang='lat' dir='ltr'>Philippus</span> <span class='ocrx_word' id='word_1_177' title='bbox 1120 1960 1269 2003; x_wconf 84' lang='lat' dir='ltr'>ratus,</span> <span class='ocrx_word' id='word_1_178' title='bbox 1307 1963 1410 1992; x_wconf 86' lang='lat' dir='ltr'>cum</span> 
     </span>
     <span class='ocr_line' id='line_1_26' title="bbox 130 2017 1410 2075; baseline -0.001 -11"><span class='ocrx_word' id='word_1_179' title='bbox 130 2017 249 2064; x_wconf 85' lang='lat' dir='ltr'>abire</span> <span class='ocrx_word' id='word_1_180' title='bbox 290 2018 392 2064; x_wconf 87' lang='lat' dir='ltr'>inde</span> <span class='ocrx_word' id='word_1_181' title='bbox 422 2020 470 2066; x_wconf 89' lang='lat'>&amp;</span> <span class='ocrx_word' id='word_1_182' title='bbox 502 2018 652 2066; x_wconf 77' lang='lat' dir='ltr'>fallere</span> <span class='ocrx_word' id='word_1_183' title='bbox 688 2019 838 2065; x_wconf 86' lang='lat' dir='ltr'>abiens</span> <span class='ocrx_word' id='word_1_184' title='bbox 869 2018 1041 2065; x_wconf 85' lang='lat' dir='ltr'>hostem</span> <span class='ocrx_word' id='word_1_185' title='bbox 1079 2019 1242 2075; x_wconf 86' lang='lat' dir='ltr'>vellet,</span> <span class='ocrx_word' id='word_1_186' title='bbox 1272 2019 1410 2064; x_wconf 80' lang='lat' dir='ltr'>cadu-</span> 
     </span>
     <span class='ocr_line' id='line_1_27' title="bbox 131 2089 1410 2152; baseline 0 -16"><span class='ocrx_word' id='word_1_187' title='bbox 131 2102 308 2137; x_wconf 89' lang='lat' dir='ltr'>ceatore</span> <span class='ocrx_word' id='word_1_188' title='bbox 329 2091 406 2137; x_wconf 90' lang='lat' dir='ltr'>sub</span> <span class='ocrx_word' id='word_1_189' title='bbox 425 2093 634 2139; x_wconf 83' lang='lat' dir='ltr'>occasum</span> <span class='ocrx_word' id='word_1_190' title='bbox 664 2092 768 2138; x_wconf 86' lang='lat' dir='ltr'>solis</span> <span class='ocrx_word' id='word_1_191' title='bbox 800 2092 855 2137; x_wconf 87' lang='lat' dir='ltr'>ad</span> <span class='ocrx_word' id='word_1_192' title='bbox 881 2089 1110 2137; x_wconf 85' lang='lat' dir='ltr'>consulem</span> <span class='ocrx_word' id='word_1_193' title='bbox 1146 2090 1301 2144; x_wconf 71' lang='lat' dir='ltr'>misso,</span> <span class='ocrx_word' id='word_1_194' title='bbox 1332 2090 1410 2152; x_wconf 82' lang='lat' dir='ltr'>qui</span> 
     </span>
     <span class='ocr_line' id='line_1_28' title="bbox 132 2163 1410 2228; baseline -0.001 -19"><span class='ocrx_word' id='word_1_195' title='bbox 132 2163 334 2210; x_wconf 81' lang='lat' dir='ltr'>inducias</span> <span class='ocrx_word' id='word_1_196' title='bbox 361 2165 418 2210; x_wconf 92' lang='lat' dir='ltr'>ad</span> <span class='ocrx_word' id='word_1_197' title='bbox 450 2163 724 2228; x_wconf 85' lang='lat' dir='ltr'>sepeliendos</span> <span class='ocrx_word' id='word_1_198' title='bbox 752 2164 922 2228; x_wconf 88' lang='lat' dir='ltr'>equites</span> <span class='ocrx_word' id='word_1_199' title='bbox 941 2175 1143 2227; x_wconf 87' lang='lat' dir='ltr'>peteret,</span> <span class='ocrx_word' id='word_1_200' title='bbox 1175 2164 1410 2209; x_wconf 82' lang='lat' dir='ltr'>frustratus</span> 
     </span>
     <span class='ocr_line' id='line_1_29' title="bbox 130 2233 1412 2298; baseline 0 -18"><span class='ocrx_word' id='word_1_201' title='bbox 130 2233 333 2292; x_wconf 89' lang='lat' dir='ltr'>hostem,</span> <span class='ocrx_word' id='word_1_202' title='bbox 366 2233 556 2282; x_wconf 85' lang='lat' dir='ltr'>secunda</span> <span class='ocrx_word' id='word_1_203' title='bbox 589 2235 775 2298; x_wconf 84' lang='lat' dir='ltr'>vigilia,</span> <span class='ocrx_word' id='word_1_204' title='bbox 811 2236 962 2282; x_wconf 88' lang='lat' dir='ltr'>multis</span> <span class='ocrx_word' id='word_1_205' title='bbox 997 2235 1171 2297; x_wconf 80' lang='lat' dir='ltr'>ignibus</span> <span class='ocrx_word' id='word_1_206' title='bbox 1201 2252 1279 2297; x_wconf 85' lang='lat' dir='ltr'>per</span> <span class='ocrx_word' id='word_1_207' title='bbox 1314 2246 1412 2280; x_wconf 81' lang='lat' dir='ltr'>tota</span> 
     </span>
     <span class='ocr_line' id='line_1_30' title="bbox 131 2306 1013 2370; baseline -0.001 -16"><span class='ocrx_word' id='word_1_208' title='bbox 131 2306 267 2354; x_wconf 85' lang='lat' dir='ltr'>castra</span> <span class='ocrx_word' id='word_1_209' title='bbox 293 2306 451 2352; x_wconf 70' lang='lat' dir='ltr'>reliffis</span> <span class='ocrx_word' id='word_1_210' title='bbox 471 2341 484 2363; x_wconf 86' lang='lat'>‚</span> <span class='ocrx_word' id='word_1_211' title='bbox 516 2306 656 2352; x_wconf 71' lang='lat' dir='ltr'>{ilenti</span> <span class='ocrx_word' id='word_1_212' title='bbox 688 2308 862 2370; x_wconf 81' lang='lat' dir='ltr'>agmine</span> <span class='ocrx_word' id='word_1_213' title='bbox 891 2307 1013 2353; x_wconf 86' lang='lat' dir='ltr'>abiit.</span> 
     </span>
    </p>

    <p class='ocr_par' dir='ltr' id='par_1_3' title="bbox 134 2379 1412 2517">
     <span class='ocr_line' id='line_1_31' title="bbox 193 2379 1412 2440; baseline -0.001 -15"><span class='ocrx_word' id='word_1_214' title='bbox 193 2380 411 2426; x_wconf 80' lang='lat' dir='ltr'><strong>XXXIX.</strong></span> <span class='ocrx_word' id='word_1_215' title='bbox 436 2381 614 2440; x_wconf 81' lang='lat' dir='ltr'>Corpus</span> <span class='ocrx_word' id='word_1_216' title='bbox 632 2379 720 2440; x_wconf 81' lang='lat' dir='ltr'>jam</span> <span class='ocrx_word' id='word_1_217' title='bbox 748 2381 929 2427; x_wconf 88' lang='lat' dir='ltr'>curabat</span> <span class='ocrx_word' id='word_1_218' title='bbox 960 2379 1145 2438; x_wconf 83' lang='lat' dir='ltr'>consul,</span> <span class='ocrx_word' id='word_1_219' title='bbox 1167 2396 1269 2426; x_wconf 90' lang='lat' dir='ltr'>cum</span> <span class='ocrx_word' id='word_1_220' title='bbox 1286 2414 1299 2436; x_wconf 93' lang='lat'>,</span> <span class='ocrx_word' id='word_1_221' title='bbox 1325 2394 1412 2424; x_wconf 87' lang='lat' dir='ltr'>ve-</span> 
     </span>
     <span class='ocr_line' id='line_1_32' title="bbox 134 2451 1410 2517; baseline -0.001 -20"><span class='ocrx_word' id='word_1_222' title='bbox 134 2451 238 2500; x_wconf 71' lang='lat' dir='ltr'>niss&#39;e</span> <span class='ocrx_word' id='word_1_223' title='bbox 267 2452 606 2500; x_wconf 85' lang='lat' dir='ltr'>caduceatorem</span> <span class='ocrx_word' id='word_1_224' title='bbox 625 2489 642 2511; x_wconf 91' lang='lat'><em>‚</em></span> <span class='ocrx_word' id='word_1_225' title='bbox 675 2454 725 2501; x_wconf 88' lang='lat'>&amp;</span> <span class='ocrx_word' id='word_1_226' title='bbox 757 2453 867 2517; x_wconf 89' lang='lat' dir='ltr'>quid</span> <span class='ocrx_word' id='word_1_227' title='bbox 900 2453 1087 2501; x_wconf 79' lang='lat' dir='ltr'>venifl&#39;et</span> <span class='ocrx_word' id='word_1_228' title='bbox 1109 2488 1122 2509; x_wconf 92' lang='lat'>,</span> <span class='ocrx_word' id='word_1_229' title='bbox 1157 2452 1410 2498; x_wconf 86' lang='lat' dir='ltr'>nuntiatum</span> 
     </span>
    </p>
   </div>
  </div>
 </body>
</html>
