1592 2724
310 192 845 241 HISTORIARUM
881 196 1006 242 LIB.
1043 197 1259 243 XXXIII.
1327 213 1421 259 347

136 295 225 361 effi·
248 298 330 344 Hae
347 299 462 346 inter
480 300 684 348 consules
702 300 998 364 tribunosque
1019 302 1329 350 altercationes
1349 304 1423 351 bi·-

138 373 277 417 duum
309 385 580 430 tenuerunt,
614 372 811 434 victique
847 373 1175 434 perseverantia
1211 378 1423 425 tribuno-

137 461 239 491 rum
265 446 471 492 consules
493 443 726 507 separatim
752 446 1016 493 retulerunt.

203 518 369 564 XXIII.
397 519 453 566 C.
479 515 699 564 Cornelio
726 516 931 564 omnium
967 516 1186 565 consensu
1219 520 1424 567 decretus

140 591 405 654 triumphus.
440 595 489 640 δε
521 592 767 639 Placentini
799 591 1211 654 Cremonensesque
1243 592 1425 639 addide-

138 680 244 714 runt
275 666 481 714 favorem
516 666 716 725 consuli,
741 666 898 730 gratias
931 680 1107 728 agentes
1138 681 1423 712 commemo-

136 738 399 802 rantesque,
416 738 651 786 obsidione
672 738 712 785 se
733 738 816 785 effe
834 738 889 784 ab
910 755 965 784 eo
987 737 1200 784 liberatos
1219 755 1228 781 :
1250 737 1425 799 pleros-

137 827 225 873 que
253 811 384 856 etiam
403 847 415 868 ,
440 827 541 857 cum
562 810 679 872 apud
700 810 847 856 hostes
873 810 1032 867 essent,
1052 809 1262 856 servitute
1292 826 1427 856 exce-

138 896 255 946 ptos„
288 886 348 943 Q.
373 884 626 940 Minucius,
649 895 816 930 tentata
847 896 1017 930 tantum
1045 883 1289 939 relatione,
1320 901 1425 930 cum

137 957 371 1004 adversum
396 974 579 1003 omnem
601 957 795 1005 senatum
817 957 1015 1015 videret,
1042 957 1089 1003 in
1109 970 1264 1003 monte
1286 957 1424 1003 Alba·-

138 1047 201 1076 no
224 1029 263 1076 se
285 1030 660 1093 triumphaturum
677 1067 691 1088 ‚
706 1032 754 1078 &
776 1029 872 1091 jure
891 1029 1066 1091 imperii
1087 1028 1354 1086 consularis,
1374 1031 1425 1077 ὅτ,

138 1103 386 1150 multorum
421 1104 645 1150 clarorum
679 1104 886 1150 virorum
922 1102 1163 1164 exemplo,
1199 1102 1324 1149 dixit.
1369 1104 1425 1149 C.

137 1175 378 1220 Cornelius
397 1175 449 1220 de
469 1175 727 1222 Insubribus
746 1173 1109 1238 Cenomanisque
1130 1175 1176 1220 in
1195 1174 1425 1237 magistra-

136 1257 186 1292 tu
218 1246 525 1308 triumphavit.
567 1248 705 1295 multa
737 1248 857 1312 signa
891 1247 1095 1294 militaria
1126 1246 1253 1303 tulit,
1286 1247 1426 1292 multa

137 1321 313 1368 Gallica
343 1321 482 1384 spolia
517 1324 708 1386 captivis
741 1324 963 1385 carpentis
993 1322 1267 1370 transvexit:
1294 1321 1425 1367 multi

136 1392 312 1440 nobiles
331 1395 451 1440 Galli
473 1408 574 1441 ante
597 1412 776 1442 currum
799 1395 1014 1451 traducti3
1032 1395 1148 1441 inter
1162 1411 1299 1457 quos,
1320 1393 1426 1457 qui-

136 1469 260 1522 dam,
278 1468 576 1516 Hamilcarem
598 1470 758 1516 <lucem
776 1470 1027 1516 Poenorum
1050 1470 1174 1516 fuiffe
1189 1505 1205 1527 ,
1223 1470 1426 1515 auctores

135 1539 251 1589 sunt.
271 1543 484 1588 Ceterum
506 1543 644 1605 magis
665 1543 710 1587 in
733 1543 773 1589 se
798 1544 1026 1590 convertit
1048 1544 1209 1590 oculos
1231 1544 1427 1588 Cremo-

135 1615 335 1661 nensium
357 1614 812 1677 Placentinorumque
835 1616 1109 1663 colonorum
1136 1616 1263 1661 turba
1284 1615 1426 1676 pilea-

136 1702 287 1736 torum
304 1722 317 1742 ,
341 1705 517 1734 currum
547 1687 842 1750 sequentium.
867 1688 992 1734 Tulit
1010 1689 1057 1734 in
1080 1688 1314 1750 triumpho
1339 1687 1424 1732 du-

137 1773 267 1809 centa
293 1761 471 1823 triginta
503 1760 667 1822 septem
701 1760 863 1817 millia,
893 1761 1169 1825 quingentos
1200 1761 1323 1818 aeris,
1349 1777 1423 1807 ar-

137 1833 255 1898 genti
282 1833 417 1896 bigati
453 1833 727 1896 septuaginta
753 1850 921 1881 novem
949 1834 1101 1881 millia.
1133 1833 1425 1897 septuagenos

138 1907 235 1954 aeris
262 1905 478 1951 militibus
500 1905 651 1951 divifit
671 1924 680 1951 ε
701 1906 866 1967 duplex
884 1907 1056 1970 equiti,
1078 1907 1243 1969 triplex
1265 1917 1425 1952 centu-

136 1980 271 2027 rioni.
306 1980 367 2038 Q.
402 1980 629 2026 Minucius
663 1979 821 2026 consul
857 1980 911 2026 de
946 1980 1178 2043 Liguribus
1211 1979 1424 2042 Bojisque

138 2051 278 2098 Gallis
299 2052 346 2097 in
372 2064 529 2097 monte
548 2051 727 2098 Albano
745 2052 1056 2114 triumphavit.
1086 2051 1122 2098 is
1141 2051 1391 2114 triumphus
1407 2087 1422 2109 ,

137 2135 187 2169 ut
204 2123 313 2169 Ioco
331 2159 345 2179 ‚
365 2125 414 2170 δε
436 2122 551 2169 fama
570 2140 718 2170 rerum
741 2125 957 2188 gestarum
974 2162 985 2182 ,
1007 2126 1057 2172 &
1076 2125 1202 2188 quod
1227 2124 1422 2170 sumtum

139 2211 233 2241 non
263 2201 494 2257 erogatum
520 2213 576 2241 ex
606 2196 765 2243 aerario
790 2214 949 2244 omnes
968 2198 1189 2255 sciebant,
1219 2197 1424 2242 inhono-

137 2266 280 2313 ratior
299 2266 404 2321 fuit;
425 2268 485 2314 ita
504 2267 659 2331 signis,
681 2269 1014 2332 carpentisque,
1036 2270 1086 2315 &
1107 2267 1260 2330 spoliis
1282 2266 1422 2313 ferme

139 2339 358 2401 aequabat.
373 2340 579 2386 Pecuniae
598 2340 730 2387 etiam
749 2358 893 2403 prope
913 2358 992 2403 par
1011 2340 1177 2386 summa
1193 2339 1300 2384 fuit:
1321 2338 1421 2384 aeris

138 2410 346 2457 translata
379 2411 569 2458 ducenta
594 2415 643 2460 &
670 2412 997 2476 quinquaginta
1028 2425 1222 2475 quatuor
1253 2410 1418 2468 millia,

138 2484 308 2547 argenti
334 2484 471 2548 bigati
498 2484 818 2551 quinquaginta
851 2487 935 2533 tria
968 2485 1108 2532 millia
1141 2487 1191 2532 &
1223 2483 1421 2531 ducenti.
