1592 2724
312 182 852 231 HtsrontARuit
886 183 1012 228 Lm.
1047 181 1225 228 xxxi.
1304 185 1397 245 249

123 295 298 360 pinquo
332 312 439 358 agro
469 295 844 341 frumentarentur
877 289 1104 346 Romani,
1140 286 1288 351 primo
1318 302 1399 334 rex

123 369 242 415 intra
270 369 443 415 vallum·
464 368 566 415 suos
592 364 766 419 tenuit,
797 375 846 409 ut
873 361 1084 408 cresceret
1104 360 1231 406 simul
1251 362 1300 407 ὅ(
1319 377 1402 406 ne-

125 441 337 504 gligentia
358 459 458 487 cum
484 437 662 485 audacia
689 435 817 482 hosti.
848 434 939 481 Ubi
959 432 1118 478 effusos
1137 432 1276 489 vidit,
1297 450 1400 479 cum

127 514 255 558 omni
278 514 475 576 equitatu
494 514 542 558 ὃ(
561 508 840 556 Cretensium
860 505 1168 562 auxiliaribus,
1185 518 1403 566 quantum

127 586 324 648 equitem
344 583 605 633 velociffimi
628 581 796 644 pedites
816 578 943 626 cursu
964 593 1138 640 aequare
1164 587 1404 639 poterant,

128 659 269 704 citato
302 657 524 720 profe&tts
561 655 766 718 agmine,
798 653 914 698 inter
948 651 1086 698 castra
1116 651 1322 696 Romana
1353 650 1405 694 &

128 732 471 779 frumentatores
508 729 740 778 constituit
774 728 906 791 signa.
939 726 1071 781 Inde,
1110 723 1253 786 copiis
1284 722 1406 769 divi-

129 805 210 863 fis,
242 818 409 868 partem
440 804 491 850 ad
528 803 850 851 conseClandos
884 817 1028 864 vagos
1063 799 1407 845 frumentatores

129 877 298 934 emisit,
327 878 432 923 dato
454 876 604 939 figno,
642 892 696 922 ne
726 892 857 936 quem
884 874 1045 922 vivum
1076 872 1407 933 relinquerent3

129 966 233 996 cum
255 964 375 1011 parte
405 949 497 1010 ipse
528 947 740 1005 substitit,
768 947 1039 1009 itineraque,
1071 943 1233 1003 quibus
1261 942 1315 987 ad
1336 958 1407 987 ca-

132 1024 217 1070 stra
246 1022 459 1070 recursuri
485 1021 751 1067 videbantur
776 1020 950 1077 hostes,
972 1018 1156 1065 obsedit.
1189 1018 1280 1062 Jam
1308 1014 1410 1077 pas-

131 1097 211 1143 :sim
240 1097 379 1144 caedes
410 1113 460 1143 ac
492 1095 591 1158 fuga
626 1106 746 1150 erat,
783 1093 972 1140 necdum
1005 1089 1234 1155 quisquam
1267 1088 1312 1133 in
1335 1104 1411 1133 ca-

130 1170 215 1216 stra
244 1171 446 1215 Romana
482 1168 662 1214 nuntius
701 1167 838 1213 cladis
869 1176 1170 1228 pervenerat3
1204 1161 1306 1223 quia
1336 1177 1412 1206 re·-

131 1242 348 1305 fugientes
369 1242 414 1286 in
442 1240 605 1303 regiam
634 1240 860 1286 stationem
881 1237 1160 1284 incidebant:
1190 1235 1238 1280 &
1262 1234 1412 1294 plures

130 1315 188 1361 ab
216 1314 515 1361 obsidentibus
544 1313 639 1359 vias
658 1349 671 1369 ,
708 1330 836 1376 quam
868 1310 922 1356 ab
953 1308 1112 1355 emiffis
1135 1307 1189 1353 ad
1213 1306 1407 1361 caedem,

131 1387 529 1435 interficiebantur.
562 1387 738 1432 tandem
773 1385 889 1430 inter
916 1382 1081 1428 medias
1114 1379 1306 1426 hostium
1331 1378 1413 1423 sta-

133 1463 282 1508 tiones
298 1461 427 1523 elapsi
445 1460 621 1523 quidam
638 1458 825 1520 trepidi,
841 1455 1082 1502 tumultum
1099 1453 1237 1516 magis
1251 1485 1264 1507 ‚
1280 1467 1414 1515 quam

135 1545 306 1580 certum
329 1531 535 1578 nuntium
550 1567 564 1588 ‚
585 1530 832 1576 intulerunt
863 1527 1025 1574 castris·

203 1606 441 1651 XXXVII.
472 1601 667 1659 Consul,
694 1600 917 1664 equitibus
943 1598 1083 1660 justis,
1118 1615 1203 1660 qua
1227 1595 1413 1661 quisque

135 1678 307 1742 posset,
343 1691 477 1737 opem
516 1674 629 1720 ferre
664 1672 1000 1726 laborantibus,
1040 1668 1128 1732 ipse
1161 1668 1358 1732 legiones
1388 1684 1414 1715 e

136 1749 289 1797 castris
323 1748 500 1804 educit,
528 1749 575 1794 &
599 1745 771 1809 agmine
795 1744 1014 1807 quadrato
1048 1742 1101 1788 ad
1131 1741 1300 1787 hostem
1333 1740 1414 1786 du·

135 1822 212 1869 cit.
244 1818 439 1882 Disperii
469 1818 638 1880 equites
668 1833 747 1878 per
776 1831 908 1879 agros
930 1814 1107 1878 quidam
1128 1813 1415 1868 aberrarunt,

137 1894 310 1956 decepti
343 1892 611 1939 clamoribus
644 1890 737 1936 aliis
759 1906 812 1935 ex
841 1888 931 1934 alio
959 1886 1263 1933 exfistemibus
1287 1884 1413 1931 loco,

140 1968 243 2013 Pars
264 1966 430 2013 obvios
451 1964 703 2009 habuerunt
725 1961 886 2007 hostes.
921 1959 1124 2022 pluribus
1152 1957 1264 2003 locis
1288 1954 1415 2002 simul

139 2055 284 2101 pugna
308 2037 462 2099 coepit.
502 2036 639 2099 Regia
677 2035 807 2082 statio
846 2034 1163 2081 atrociffimum
1199 2032 1414 2095 proelium

139 2113 311 2158 edebat.
349 2127 448 2156 nam
479 2111 527 2155 &
548 2107 635 2171 ipsa
654 2108 939 2154 multitudine
969 2107 1167 2170 equitum
1189 2106 1414 2168 peditum-

139 2199 228 2245 que
254 2197 395 2243 prope
422 2180 531 2240 justa
565 2180 677 2225 acies
703 2195 821 2226 erat:
857 2181 905 2226 ὅ(
926 2179 1238 2224 Romanorum
1260 2212 1272 2232 ,
1309 2176 1415 2237 quia

139 2255 338 2302 medium
369 2252 597 2298 obsederat
626 2251 730 2308 iter,
760 2250 941 2313 plurimi
973 2250 1015 2295 in
1043 2267 1138 2296 eam
1159 2247 1415 2293 infereban-

123 2317 227 2373 tur.
253 2327 319 2372 Eo
340 2340 521 2387 quoque
553 2322 799 2384 superiores
825 2322 1094 2369 Macedones
1113 2332 1238 2365 erant
1256 2356 1271 2376 ‚
1292 2318 1416 2382 quod

141 2400 192 2445 &
211 2415 287 2443 rex
310 2396 397 2459 ipse
420 2397 624 2441 hortator
653 2394 802 2440 aderat
817 2429 830 2451 ,
862 2397 909 2441 &
928 2392 1204 2440 Cretensium
1231 2390 1417 2436 auxilia-

140 2484 210 2517 res
229 2468 395 2516 multos
414 2483 468 2515 ex
486 2466 739 2530 improviso
754 2467 1075 2525 vulnerabant,
1093 2462 1284 2512 conferti
1306 2479 1419 2526 prae:
