1592 2724
339 191 886 241 HisTomARUM
917 193 1043 241 Lm.
1076 160 1258 240 xxxr.
1335 184 1426 258 235

144 299 412 348 nitimorum
434 300 662 357 vastabat,
697 300 747 347 &
779 297 868 360 jam
899 299 1086 345 urbibus
1118 316 1302 362 quoque
1335 309 1432 347 erat

142 374 368 420 terribilis.
402 373 626 420 Adversus
652 372 775 418 hunc
803 372 974 418 hostem
996 407 1009 428 ‚
1047 388 1147 418 cum
1165 408 1179 430 ‚
1213 386 1430 434 quantum

144 464 203 493 ex
237 464 410 511 quaque
440 447 624 494 civitate
654 445 848 491 militum
879 445 1145 492 scriberetur
1164 481 1177 503 ‚
1202 446 1432 492 consulta-

143 533 268 576 rent3
306 521 538 582 Philippus
554 554 566 575 ‚
601 518 854 564 demturum
884 517 925 564 se
945 518 1008 564 eis
1027 534 1177 565 curam
1192 553 1206 575 ‚
1226 518 1352 580 quod
1375 518 1432 564 ad

145 594 296 640 Nabin
315 591 363 641 δ’(
382 591 749 639 Lacedaemonios
780 591 987 637 attineret
1005 627 1019 650 ‚
1048 590 1311 654 pollicitum
1346 607 1432 638 nec

146 679 320 712 tantum
356 681 488 727 agros
520 664 748 710 sociorum
776 664 1149 726 populationibus
1169 664 1429 727 prohibitu-

145 755 245 784 rum
263 773 276 794 ‚
302 736 374 782 sed
395 749 613 782 terrorem
643 753 826 782 omnem
854 737 958 783 belli
992 737 1038 783 in
1075 736 1209 798 ipsam
1234 736 1433 783 Laconi-

144 826 271 866 cam,
301 809 436 854 ducto
476 825 532 854 eo
572 808 803 870 extemplo
838 808 1066 863 exercitu,
1100 808 1431 855 translaturum.

145 883 255 928 Haec
283 883 431 928 oratio
462 899 565 928 cum
601 882 772 945 ingenti
794 883 1031 929 hominum
1063 883 1230 930 assensu
1251 883 1433 945 accipe-

145 969 292 1003 retur:
322 961 388 1001 Ita
419 974 555 1003 tamen
590 976 748 1017 aequum
783 959 858 1023 est,
891 957 1065 1019 inquit,
1098 977 1159 1004 me
1184 960 1308 1023 vaestra
1330 959 1433 1003 meis

145 1033 278 1075 armis
304 1032 464 1087 tutari,
496 1049 545 1075 ne
572 1049 660 1075 mea
688 1034 850 1076 interim
870 1034 1078 1077 nudentur
1090 1031 1310 1094 praefidiis.
1340 1032 1434 1075 Ita-

148 1122 221 1162 que
238 1137 253 1158 ,
271 1103 322 1166 st
341 1106 459 1148 vobis
490 1107 680 1157 videtur,
711 1120 871 1149 tantum
896 1120 1045 1165 parate
1070 1107 1249 1149 militum
1266 1137 1278 1158 ‚
1296 1121 1433 1163 quan-

147 1191 234 1219 tum
267 1177 326 1218 ad
349 1177 529 1231 Oreum,
563 1174 605 1222 G*
631 1179 864 1222 Chalcidem
884 1212 897 1233 ‚
933 1175 976 1222 θ’
999 1178 1243 1222 Corinthum
1275 1178 1433 1221 tuenda

136 1248 251 1307 stitis
269 1246 353 1309 fit:
385 1263 431 1293 ut
449 1282 462 1303 ,
496 1251 597 1293 meis
614 1251 666 1292 ab
688 1266 795 1309 tergo
822 1251 924 1293 tutis
943 1282 956 1304 ‚
976 1248 1150 1307 securus
1169 1250 1315 1292 bellum
1333 1249 1433 1291 Na-

146 1320 237 1364 bidi
267 1320 442 1378 iqferczm
469 1318 511 1365 ἔτ’
530 1323 865 1366 Lacedaemoniis.
901 1322 1010 1366 Non
1031 1319 1189 1366 fefellit
1208 1319 1400 1365 AchaeOS
1416 1354 1432 1377 ‚

144 1406 243 1452 quo
279 1391 500 1452 spectasset
522 1405 610 1438 tam
633 1392 823 1453 benigna
843 1391 1117 1453 pollicitatio
1133 1427 1148 1447 ,
1184 1392 1431 1436 auxilium·

146 1481 236 1527 que
273 1465 474 1511 oblatum
494 1464 701 1510 adversus
719 1463 1114 1514 Lacedaemonios:
1136 1464 1181 1509 id
1201 1463 1365 1526 quaeri,
1384 1474 1433 1509 ut

145 1539 346 1586 obsidem
369 1536 641 1587 Achaeorum
672 1539 953 1600 juventutem
984 1539 1193 1586 educeret
1223 1554 1277 1583 ex
1299 1537 1433 1583 Pelo-

145 1615 354 1677 ponneso
372 1650 384 1670 ‚
413 1615 466 1660 ad
487 1615 740 1678 illigandam
768 1617 975 1659 Romano
1003 1611 1125 1657 bello
1153 1621 1348 1674 gentem.
1382 1603 1434 1656 δὲ

146 1685 195 1732 id
217 1687 396 1749 quidem
419 1702 663 1749 coarguere
688 1685 931 1750 Cycliadas
962 1694 1131 1745 praetor
1159 1681 1434 1728 Achaeorum

145 1761 262 1807 nihil
291 1762 478 1807 attinere
507 1772 626 1806 ratus
645 1796 658 1818 ‚
691 1759 737 1806 id
758 1759 898 1805 modo
920 1773 1020 1803 cum
1041 1754 1237 1809 dixisset,
1260 1770 1356 1800 non
1378 1753 1435 1799 li-

146 1849 250 1879 tere
275 1832 444 1896 legibus
460 1834 737 1879 Achaeorum
759 1832 811 1877 de
829 1831 922 1876 aliis
941 1830 1072 1875 rebus
1090 1826 1281 1886 referre,
1298 1842 1434 1890 quam

145 1919 333 1967 propter
365 1921 473 1969 quas
495 1903 743 1952 convocati
771 1902 934 1956 effent;
970 1901 1151 1948 decreto
1179 1899 1232 1946 de
1259 1899 1434 1946 exerci-

147 1989 198 2023 tu
227 1978 426 2040 parando
459 1977 669 2024 adversus
701 1976 848 2022 Nabin
883 1975 1028 2031 fausto,
1063 1974 1312 2020 concilium
1336 1973 1435 2019 for-

147 2050 253 2095 titer
282 2067 331 2096 ac
365 2050 502 2096 libere
537 2050 735 2096 habitum
769 2047 960 2102 dimifit;
998 2046 1115 2092 inter
1149 2046 1434 2092 assentatores

148 2120 294 2183 regios
312 2135 413 2167 ante
433 2138 530 2166 eam
550 2121 666 2166 diem
686 2120 873 2166 habitus.
911 2117 1139 2180 Philippus
1152 2151 1166 2174 ‚
1181 2133 1338 2179 magna
1358 2115 1434 2177 ipe

146 2193 382 2254 depulsus,
416 2193 683 2240 voluntariis
707 2192 860 2254 paucis
880 2191 1103 2237 militibus
1133 2188 1399 2249 conscriptis
1415 2220 1431 2241 ,

147 2265 421 2311 Corinthum
446 2280 575 2327 atque
596 2266 642 2310 in
664 2266 856 2311 Atticam
884 2277 1047 2311 terram
1079 2263 1223 2309 rediit.

215 2339 386 2383 XXVI.
422 2339 502 2383 Per
532 2354 610 2383 eos
642 2337 760 2398 ipsos
789 2338 905 2393 (lies,
928 2337 1088 2399 quibus
1120 2333 1349 2394 Philippus
1381 2331 1429 2377 in

147 2409 315 2467 Achaia
343 2409 448 2465 fuit,
472 2409 693 2456 Philocles
719 2408 949 2472 praefectus
973 2408 1142 2471 regius,
1173 2423 1230 2452 ex
1255 2406 1431 2451 Euboea

147 2481 378 2546 profeOtus
396 2499 498 2529 cum
528 2482 704 2529 duobus
732 2482 932 2529 millibus
953 2482 1180 2527 Thracum
1210 2479 1432 2526 Macedo-
