1592 2724
257 171 383 219 τιτι
415 172 553 218 mvn
580 170 923 218 HISTORIAR.
953 171 1055 218 ua.
1083 168 1240 218 XXX.
1312 183 1392 230 141

181 279 356 327 flixerat,
371 277 588 318 vulneratus
601 306 614 324 ,
636 277 731 315 dum
747 275 787 314 in
805 274 975 314 Africam
994 287 1060 324 per
1083 274 1228 325 legatos
1243 287 1402 315 revoca-

181 343 248 380 tus³
268 340 487 388 revertitur,
507 352 555 378 ex
580 337 735 376 vulnere
751 344 923 375 mortuus
944 336 1005 374 est.
1027 336 1227 375 Masmiffae
1242 349 1403 386 regnum

182 402 393 442 restitutum
420 401 481 441 est.
523 398 705 440 Reversus
737 398 776 437 in
804 397 939 437 urbem
972 397 1099 447 Scipio
1130 397 1403 447 ampliss'mlum

181 464 534 512 nobilissimumque
567 461 643 512 egit
676 459 937 509 triumphum,
971 470 1086 507 quem
1121 457 1171 508 Q
1200 458 1402 498 Terentiae

183 526 318 566 Culleo
336 525 483 564 senator
502 522 662 573 pileatus
685 520 833 559 secutus
861 519 922 558 est.
947 518 1074 568 Scipio
1092 517 1288 557 Africanus
1311 518 1403 570 (in-

182 596 329 627 certum
354 585 511 626 militari
524 584 626 635 prius
648 583 798 632 favore,
813 595 859 621 an
882 580 1055 631 populari
1072 592 1159 619 aura
1177 580 1231 619 ita
1254 591 1405 629 cogno-

182 650 375 699 minatus)
397 650 540 699 primus
564 654 664 686 certe
692 646 756 689 hic
779 645 986 697 imperator
1009 644 1117 684 vietae
1141 655 1162 682 a
1181 641 1219 682 se
1245 642 1403 681 nomine

178 714 307 766 gentis
329 711 554 753 nobilitatus
575 710 638 752 est.

124 923 159 968 Ι.
200 852 370 970 CN.
397 919 660 966 SERV1L1US
693 914 855 979 Caepio
891 915 941 962 &
963 914 1021 961 .C.
1056 910 1274 961 Servilius
1305 912 1401 958 Ge*

127 993 273 1042 minus
292 991 521 1051 consules,
545 991 725 1056 (sextus
749 990 947 1038 decimus
966 989 1002 1035 is
1025 1004 1168 1036 annus
1188 986 1293 1034 belli
1314 989 1402 1032 Pu-

127 1065 222 1112 nici
252 1065 375 1127 erat)
410 1079 512 1110 cum
542 1063 594 1109 de
623 1062 851 1125 republica
882 1060 1093 1123 belloque
1123 1061 1173 1106 δε
1204 1058 1401 1121 provin-

127 1138 209 1187 ciis
239 1138 295 1185 ad
329 1136 524 1183 senatum
558 1135 830 1193 retulissent,
858 1132 1123 1182 censuerunt
1146 1133 1322 1190 Patres,
1353 1143 1403 1175 ut

129 1211 336 1259 consules
358 1210 472 1256 inter
498 1209 538 1255 se
560 1219 898 1272 compararent,
919 1205 1248 1254 sortirenturve
1264 1240 1277 1262 ,
1304 1218 1403 1251 uter

126 1284 326 1331 Bruttios
357 1281 561 1330 adversus
591 1279 888 1327 Hannibalem
907 1315 922 1338 ‚
958 1290 1058 1326 uter
1091 1277 1312 1324 Etruriam
1350 1293 1403 1324 ac

127 1358 310 1422 Ligures
346 1347 632 1419 provinciam
668 1354 864 1400 haberet.
918 1351 993 1400 cui
1027 1350 1188 1398 Bruttii
1226 1349 1405 1398 evenis-

129 1431 225 1480 sent
242 1468 255 1490 ‚
274 1431 523 1492 exercitum
549 1447 573 1476 a
598 1431 644 1476 P.
662 1427 933 1492 Sempronio
951 1425 1189 1490 acciperet.
1219 1427 1265 1473 P.
1281 1426 1407 1472 Sem·

129 1504 316 1567 pronius
343 1503 413 1568 (ei
444 1518 630 1567 quoque
662 1501 781 1561 enin}
809 1498 1071 1563 proconsuli
1099 1498 1335 1561 imperium
1358 1498 1407 1544 in

128 1594 294 1624 annum
313 1573 666 1640 prorogabatur)
692 1572 934 1623 plaicinio
954 1572 1231 1620 succederet:
1252 1572 1286 1618 is
1306 1573 1408 1618 Ro-

124 1667 246 1698 mam
287 1661 618 1706 reverteretur,
652 1647 773 1694 bello
810 1662 997 1710 quoque
1036 1646 1183 1692 bonus
1228 1644 1407 1692 habitus

129 1722 184 1768 ad
205 1732 370 1779 cetera,
394 1720 553 1783 quibus
572 1735 706 1767 nemo
724 1735 774 1765 ea
790 1718 1046 1781 tempestate
1073 1716 1326 1763 instruffior
1343 1717 1407 1763 ci·

129 1794 202 1841 vis
224 1794 488 1852 habebatur,
514 1792 734 1856 congestis
755 1791 966 1838 omnibus
985 1791 1188 1837 humanis
1208 1808 1232 1837 a
1250 1802 1408 1837 natura

130 1865 400 1930 fortunaque
422 1865 567 1912 bonis.
602 1865 783 1912 Nobilis
804 1865 921 1911 idem
951 1881 1001 1911 ac
1024 1863 1150 1912 dives
1170 1876 1263 1910 erat
1282 1882 1291 1910 :
1315 1863 1410 1910 for-

131 1955 204 1985 ma
234 1937 494 2002 viribusque
524 1936 729 1999 corporis
761 1936 1022 1984 excellebat.
1062 1936 1410 1983 facundissimus

133 2011 406 2068 habebatur,
446 2011 520 2058 seu
556 2011 682 2058 causa
725 2010 924 2067 oranda,
963 2009 1036 2056 seu
1077 2010 1123 2056 in
1169 2009 1319 2057 senatu
1353 2011 1411 2057 ad

131 2087 350 2150 populum
379 2086 585 2132 suadendi
612 2102 661 2132 ac
685 2084 957 2131 dissuadendi
980 2084 1107 2130 loeus
1138 2083 1267 2130 effet:
1301 2082 1409 2144 juris

131 2156 358 2220 pontificii
383 2156 680 2219 peritiffimuS.
716 2158 855 2219 Super
875 2158 971 2203 hae-e
988 2194 1000 2215 .‚
1029 2156 1200 2203 bellicae
1226 2172 1409 2218 queque

131 2229 273 2275 laudis
293 2227 544 2274 consulatus
565 2240 824 2290 compote-m
846 2228 1022 2275 fecerat.
1045 2229 1185 2288 Quod
1209 2228 1252 2273 in
1278 2229 1408 2272 Brut«

133 2300 205 2347 tiis
237 2299 504 2363 provincia,
534 2299 650 2346 idem
683 2300 727 2345 in
763 2302 939 2347 Etruria
972 2317 1022 2347 ac
1056 2299 1294 2363 Liguribus
1331 2298 1410 2342 de.-

135 2385 319 2421 cretum.
352 2375 414 2420 M.
440 2372 679 2420 Cornelius
708 2390 838 2419 novo
871 2372 1043 2420 consuli
1075 2371 1245 2418 tradere
1281 2385 1409 2415 exer«

136 2447 277 2496 citum
306 2446 477 2510 jussus:
518 2445 607 2510 ipse
628 2481 643 2506 ,
677 2460 923 2511 prorogato
962 2445 1177 2508 imperio,
1217 2441 1409 2489 Galliam
